id,price,qty,quoteQty,time,isBuyerMaker,isBestMatch
4561955490,97594.05000000,0.00013000,12.68722650,2025-02-15 23:28:13.706,True,True
4561955491,97594.05000000,0.00013000,12.68722650,2025-02-15 23:28:13.710,True,True
4561955492,97594.05000000,0.00013000,12.68722650,2025-02-15 23:28:13.733,True,True
4561955493,97594.05000000,0.00013000,12.68722650,2025-02-15 23:28:13.747,True,True
4561955494,97594.05000000,0.00013000,12.68722650,2025-02-15 23:28:13.759,True,True
4561955495,97594.05000000,0.00013000,12.68722650,2025-02-15 23:28:13.776,True,True
4561955496,97594.05000000,0.00013000,12.68722650,2025-02-15 23:28:13.792,True,True
4561955497,97594.05000000,0.00013000,12.68722650,2025-02-15 23:28:13.794,True,True
4561955498,97594.05000000,0.00013000,12.68722650,2025-02-15 23:28:13.813,True,True
4561955499,97594.05000000,0.00013000,12.68722650,2025-02-15 23:28:13.833,True,True
4561955500,97594.05000000,0.00013000,12.68722650,2025-02-15 23:28:13.837,True,True
4561955501,97594.05000000,0.00013000,12.68722650,2025-02-15 23:28:13.850,True,True
4561955502,97594.05000000,0.00013000,12.68722650,2025-02-15 23:28:13.874,True,True
4561955503,97594.05000000,0.00013000,12.68722650,2025-02-15 23:28:13.878,True,True
4561955504,97594.05000000,0.00013000,12.68722650,2025-02-15 23:28:13.896,True,True
4561955505,97594.05000000,0.00013000,12.68722650,2025-02-15 23:28:13.913,True,True
4561955506,97594.05000000,0.00013000,12.68722650,2025-02-15 23:28:13.915,True,True
4561955507,97594.05000000,0.00013000,12.68722650,2025-02-15 23:28:13.938,True,True
4561955508,97594.05000000,0.00013000,12.68722650,2025-02-15 23:28:13.947,True,True
4561955509,97594.05000000,0.00013000,12.68722650,2025-02-15 23:28:13.955,True,True
4561955510,97594.05000000,0.00013000,12.68722650,2025-02-15 23:28:13.973,True,True
4561955511,97594.05000000,0.00013000,12.68722650,2025-02-15 23:28:13.980,True,True
4561955512,97594.05000000,0.00013000,12.68722650,2025-02-15 23:28:13.989,True,True
4561955513,97594.05000000,0.00013000,12.68722650,2025-02-15 23:28:14.011,True,True
4561955514,97594.05000000,0.00013000,12.68722650,2025-02-15 23:28:14.013,True,True
4561955515,97594.05000000,0.00013000,12.68722650,2025-02-15 23:28:14.020,True,True
4561955516,97594.05000000,0.00013000,12.68722650,2025-02-15 23:28:14.048,True,True
4561955517,97594.05000000,0.00013000,12.68722650,2025-02-15 23:28:14.052,True,True
4561955518,97594.05000000,0.00013000,12.68722650,2025-02-15 23:28:14.056,True,True
4561955519,97594.05000000,0.00013000,12.68722650,2025-02-15 23:28:14.083,True,True
4561955520,97594.05000000,0.00013000,12.68722650,2025-02-15 23:28:14.086,True,True
4561955521,97594.05000000,0.00013000,12.68722650,2025-02-15 23:28:14.099,True,True
4561955522,97594.05000000,0.00013000,12.68722650,2025-02-15 23:28:14.123,True,True
4561955523,97594.05000000,0.00013000,12.68722650,2025-02-15 23:28:14.130,True,True
4561955524,97594.05000000,0.00013000,12.68722650,2025-02-15 23:28:14.142,True,True
4561955525,97594.05000000,0.00013000,12.68722650,2025-02-15 23:28:14.182,True,True
4561955526,97594.05000000,0.00013000,12.68722650,2025-02-15 23:28:14.185,True,True
4561955527,97594.05000000,0.00013000,12.68722650,2025-02-15 23:28:14.188,True,True
4561955528,97594.05000000,0.00013000,12.68722650,2025-02-15 23:28:14.220,True,True
4561955529,97594.05000000,0.00013000,12.68722650,2025-02-15 23:28:14.223,True,True
4561955530,97594.05000000,0.00013000,12.68722650,2025-02-15 23:28:14.229,True,True
4561955531,97594.05000000,0.00013000,12.68722650,2025-02-15 23:28:14.258,True,True
4561955532,97594.05000000,0.00013000,12.68722650,2025-02-15 23:28:14.260,True,True
4561955533,97594.05000000,0.00103000,100.52187150,2025-02-15 23:28:14.263,True,True
4561955534,97594.05000000,0.00013000,12.68722650,2025-02-15 23:28:14.290,True,True
4561955535,97594.05000000,0.00013000,12.68722650,2025-02-15 23:28:14.291,True,True
4561955536,97594.05000000,0.00013000,12.68722650,2025-02-15 23:28:14.297,True,True
4561955537,97594.05000000,0.00013000,12.68722650,2025-02-15 23:28:14.326,True,True
4561955538,97594.05000000,0.00013000,12.68722650,2025-02-15 23:28:14.330,True,True
4561955539,97594.05000000,0.00013000,12.68722650,2025-02-15 23:28:14.332,True,True
4561955540,97594.05000000,0.00013000,12.68722650,2025-02-15 23:28:14.364,True,True
4561955541,97594.05000000,0.00013000,12.68722650,2025-02-15 23:28:14.369,True,True
4561955542,97594.05000000,0.00013000,12.68722650,2025-02-15 23:28:14.375,True,True
4561955543,97594.05000000,0.00013000,12.68722650,2025-02-15 23:28:14.403,True,True
4561955544,97594.05000000,0.00013000,12.68722650,2025-02-15 23:28:14.406,True,True
4561955545,97594.05000000,0.00013000,12.68722650,2025-02-15 23:28:14.417,True,True
4561955546,97594.05000000,0.00013000,12.68722650,2025-02-15 23:28:14.443,True,True
4561955547,97594.05000000,0.00013000,12.68722650,2025-02-15 23:28:14.454,True,True
4561955548,97594.05000000,0.00013000,12.68722650,2025-02-15 23:28:14.464,True,True
4561955549,97594.05000000,0.00013000,12.68722650,2025-02-15 23:28:14.472,True,True
4561955550,97594.05000000,0.00013000,12.68722650,2025-02-15 23:28:14.487,True,True
4561955551,97594.05000000,0.00013000,12.68722650,2025-02-15 23:28:14.509,True,True
4561955552,97594.05000000,0.00013000,12.68722650,2025-02-15 23:28:14.515,True,True
4561955553,97594.05000000,0.00013000,12.68722650,2025-02-15 23:28:14.526,True,True
4561955554,97594.05000000,0.00013000,12.68722650,2025-02-15 23:28:14.551,True,True
4561955555,97594.05000000,0.00013000,12.68722650,2025-02-15 23:28:14.553,True,True
4561955556,97594.05000000,0.00013000,12.68722650,2025-02-15 23:28:14.562,True,True
4561955557,97594.05000000,0.00013000,12.68722650,2025-02-15 23:28:14.585,True,True
4561955558,97594.05000000,0.00013000,12.68722650,2025-02-15 23:28:14.588,True,True
4561955559,97594.05000000,0.00013000,12.68722650,2025-02-15 23:28:14.595,True,True
4561955560,97594.05000000,0.00013000,12.68722650,2025-02-15 23:28:14.622,True,True
4561955561,97594.05000000,0.00013000,12.68722650,2025-02-15 23:28:14.631,True,True
4561955562,97594.05000000,0.00013000,12.68722650,2025-02-15 23:28:14.635,True,True
4561955563,97594.05000000,0.00013000,12.68722650,2025-02-15 23:28:14.664,True,True
4561955564,97594.05000000,0.00013000,12.68722650,2025-02-15 23:28:14.665,True,True
4561955565,97594.05000000,0.00500000,487.97025000,2025-02-15 23:28:14.671,True,True
4561955566,97594.05000000,0.00013000,12.68722650,2025-02-15 23:28:14.704,True,True
4561955567,97594.05000000,0.00013000,12.68722650,2025-02-15 23:28:14.710,True,True
4561955568,97594.05000000,0.00013000,12.68722650,2025-02-15 23:28:14.723,True,True
4561955569,97594.05000000,0.00013000,12.68722650,2025-02-15 23:28:14.738,True,True
4561955570,97594.05000000,0.00013000,12.68722650,2025-02-15 23:28:14.749,True,True
4561955571,97594.05000000,0.00013000,12.68722650,2025-02-15 23:28:14.775,True,True
4561955572,97594.05000000,0.00013000,12.68722650,2025-02-15 23:28:14.781,True,True
4561955573,97594.05000000,0.00013000,12.68722650,2025-02-15 23:28:14.786,True,True
4561955574,97594.05000000,0.00013000,12.68722650,2025-02-15 23:28:14.811,True,True
4561955575,97594.05000000,0.00013000,12.68722650,2025-02-15 23:28:14.817,True,True
4561955576,97594.05000000,0.00013000,12.68722650,2025-02-15 23:28:14.821,True,True
4561955577,97594.05000000,0.00013000,12.68722650,2025-02-15 23:28:14.843,True,True
4561955578,97594.05000000,0.00013000,12.68722650,2025-02-15 23:28:14.855,True,True
4561955579,97594.05000000,0.00013000,12.68722650,2025-02-15 23:28:14.860,True,True
4561955580,97594.05000000,0.00013000,12.68722650,2025-02-15 23:28:14.883,True,True
4561955581,97594.05000000,0.00013000,12.68722650,2025-02-15 23:28:14.891,True,True
4561955582,97594.05000000,0.00013000,12.68722650,2025-02-15 23:28:14.896,True,True
4561955583,97594.05000000,0.00013000,12.68722650,2025-02-15 23:28:14.919,True,True
4561955584,97594.05000000,0.00013000,12.68722650,2025-02-15 23:28:14.925,True,True
4561955585,97594.05000000,0.00013000,12.68722650,2025-02-15 23:28:14.930,True,True
4561955586,97594.05000000,0.00013000,12.68722650,2025-02-15 23:28:14.953,True,True
4561955587,97594.05000000,0.00013000,12.68722650,2025-02-15 23:28:14.957,True,True
4561955588,97594.05000000,0.00013000,12.68722650,2025-02-15 23:28:14.965,True,True
4561955589,97594.05000000,0.01799000,1755.71695950,2025-02-15 23:28:14.978,True,True
4561955590,97594.05000000,0.00013000,12.68722650,2025-02-15 23:28:14.990,True,True
4561955591,97594.05000000,0.00013000,12.68722650,2025-02-15 23:28:14.992,True,True
4561955592,97594.05000000,0.00013000,12.68722650,2025-02-15 23:28:15.001,True,True
4561955593,97594.05000000,0.00013000,12.68722650,2025-02-15 23:28:15.032,True,True
4561955594,97594.05000000,0.00013000,12.68722650,2025-02-15 23:28:15.035,True,True
4561955595,97594.05000000,0.00013000,12.68722650,2025-02-15 23:28:15.040,True,True
4561955596,97594.05000000,0.00013000,12.68722650,2025-02-15 23:28:15.065,True,True
4561955597,97594.05000000,0.00013000,12.68722650,2025-02-15 23:28:15.069,True,True
4561955598,97594.05000000,0.00013000,12.68722650,2025-02-15 23:28:15.082,True,True
4561955599,97594.05000000,0.00013000,12.68722650,2025-02-15 23:28:15.100,True,True
4561955600,97594.05000000,0.00013000,12.68722650,2025-02-15 23:28:15.104,True,True
4561955601,97594.05000000,0.00013000,12.68722650,2025-02-15 23:28:15.116,True,True
4561955602,97594.05000000,0.00013000,12.68722650,2025-02-15 23:28:15.134,True,True
4561955603,97594.05000000,0.00013000,12.68722650,2025-02-15 23:28:15.148,True,True
4561955604,97594.05000000,0.00013000,12.68722650,2025-02-15 23:28:15.163,True,True
4561955605,97594.05000000,0.00013000,12.68722650,2025-02-15 23:28:15.166,True,True
4561955606,97594.05000000,0.00012000,11.71128600,2025-02-15 23:28:15.172,True,True
4561955607,97594.05000000,0.00013000,12.68722650,2025-02-15 23:28:15.179,True,True
4561955608,97594.05000000,0.00013000,12.68722650,2025-02-15 23:28:15.200,True,True
4561955609,97594.05000000,0.00011000,10.73534550,2025-02-15 23:28:15.208,True,True
4561955610,97594.05000000,0.00013000,12.68722650,2025-02-15 23:28:15.209,True,True
4561955611,97594.05000000,0.00013000,12.68722650,2025-02-15 23:28:15.219,True,True
4561955612,97594.05000000,0.00013000,12.68722650,2025-02-15 23:28:15.241,True,True
4561955613,97594.05000000,0.00011000,10.73534550,2025-02-15 23:28:15.246,True,True
4561955614,97594.05000000,0.00013000,12.68722650,2025-02-15 23:28:15.259,True,True
4561955615,97594.05000000,0.00013000,12.68722650,2025-02-15 23:28:15.263,True,True
4561955616,97594.05000000,0.00013000,12.68722650,2025-02-15 23:28:15.274,True,True
4561955617,97594.05000000,0.00011000,10.73534550,2025-02-15 23:28:15.279,True,True
4561955618,97594.05000000,0.00013000,12.68722650,2025-02-15 23:28:15.300,True,True
4561955619,97594.05000000,0.00013000,12.68722650,2025-02-15 23:28:15.307,True,True
4561955620,97594.05000000,0.00013000,12.68722650,2025-02-15 23:28:15.323,True,True
4561955621,97594.05000000,0.00011000,10.73534550,2025-02-15 23:28:15.326,True,True
4561955622,97594.05000000,0.00013000,12.68722650,2025-02-15 23:28:15.339,True,True
4561955623,97594.05000000,0.00013000,12.68722650,2025-02-15 23:28:15.353,True,True
4561955624,97594.05000000,0.00013000,12.68722650,2025-02-15 23:28:15.356,True,True
4561955625,97594.05000000,0.00012000,11.71128600,2025-02-15 23:28:15.366,True,True
4561955626,97594.05000000,0.00013000,12.68722650,2025-02-15 23:28:15.374,True,True
4561955627,97594.05000000,0.00013000,12.68722650,2025-02-15 23:28:15.384,True,True
4561955628,97594.05000000,0.00013000,12.68722650,2025-02-15 23:28:15.390,True,True
4561955629,97594.05000000,0.00012000,11.71128600,2025-02-15 23:28:15.407,True,True
4561955630,97594.05000000,0.00013000,12.68722650,2025-02-15 23:28:15.415,True,True
4561955631,97594.05000000,0.00013000,12.68722650,2025-02-15 23:28:15.421,True,True
4561955632,97594.05000000,0.00013000,12.68722650,2025-02-15 23:28:15.421,True,True
4561955633,97594.05000000,0.00013000,12.68722650,2025-02-15 23:28:15.448,True,True
4561955634,97594.05000000,0.00013000,12.68722650,2025-02-15 23:28:15.453,True,True
4561955635,97594.05000000,0.00013000,12.68722650,2025-02-15 23:28:15.457,True,True
4561955636,97594.05000000,0.00013000,12.68722650,2025-02-15 23:28:15.487,True,True
4561955637,97594.05000000,0.00013000,12.68722650,2025-02-15 23:28:15.489,True,True
4561955638,97594.05000000,0.00013000,12.68722650,2025-02-15 23:28:15.511,True,True
4561955639,97594.05000000,0.00013000,12.68722650,2025-02-15 23:28:15.520,True,True
4561955640,97594.05000000,0.00013000,12.68722650,2025-02-15 23:28:15.536,True,True
4561955641,97594.05000000,0.00013000,12.68722650,2025-02-15 23:28:15.548,True,True
4561955642,97594.05000000,0.00013000,12.68722650,2025-02-15 23:28:15.556,True,True
4561955643,97594.05000000,0.00013000,12.68722650,2025-02-15 23:28:15.568,True,True
4561955644,97594.05000000,0.00013000,12.68722650,2025-02-15 23:28:15.585,True,True
4561955645,97594.05000000,0.00013000,12.68722650,2025-02-15 23:28:15.586,True,True
4561955646,97594.05000000,0.00013000,12.68722650,2025-02-15 23:28:15.621,True,True
4561955647,97594.05000000,0.00013000,12.68722650,2025-02-15 23:28:15.622,True,True
4561955648,97594.05000000,0.00013000,12.68722650,2025-02-15 23:28:15.623,True,True
4561955649,97594.05000000,0.00013000,12.68722650,2025-02-15 23:28:15.660,True,True
4561955650,97594.05000000,0.00013000,12.68722650,2025-02-15 23:28:15.663,True,True
4561955651,97594.05000000,0.00013000,12.68722650,2025-02-15 23:28:15.670,True,True
4561955652,97594.05000000,0.00013000,12.68722650,2025-02-15 23:28:15.695,True,True
4561955653,97594.05000000,0.00013000,12.68722650,2025-02-15 23:28:15.703,True,True
4561955654,97594.05000000,0.00013000,12.68722650,2025-02-15 23:28:15.705,True,True
4561955655,97594.05000000,0.00013000,12.68722650,2025-02-15 23:28:15.729,True,True
4561955656,97594.05000000,0.00013000,12.68722650,2025-02-15 23:28:15.738,True,True
4561955657,97594.05000000,0.00013000,12.68722650,2025-02-15 23:28:15.742,True,True
4561955658,97594.05000000,0.00013000,12.68722650,2025-02-15 23:28:15.769,True,True
4561955659,97594.05000000,0.00013000,12.68722650,2025-02-15 23:28:15.771,True,True
4561955660,97594.05000000,0.00013000,12.68722650,2025-02-15 23:28:15.776,True,True
4561955661,97594.05000000,0.00013000,12.68722650,2025-02-15 23:28:15.805,True,True
4561955662,97594.05000000,0.00013000,12.68722650,2025-02-15 23:28:15.806,True,True
4561955663,97594.05000000,0.00013000,12.68722650,2025-02-15 23:28:15.816,True,True
4561955664,97594.05000000,0.00013000,12.68722650,2025-02-15 23:28:15.841,True,True
4561955665,97594.05000000,0.00013000,12.68722650,2025-02-15 23:28:15.845,True,True
4561955666,97594.05000000,0.00013000,12.68722650,2025-02-15 23:28:15.857,True,True
4561955667,97594.05000000,0.00013000,12.68722650,2025-02-15 23:28:15.873,True,True
4561955668,97594.05000000,0.00013000,12.68722650,2025-02-15 23:28:15.878,True,True
4561955669,97594.05000000,0.00013000,12.68722650,2025-02-15 23:28:15.895,True,True
4561955670,97594.05000000,0.00013000,12.68722650,2025-02-15 23:28:15.905,True,True
4561955671,97594.05000000,0.00013000,12.68722650,2025-02-15 23:28:15.929,True,True
4561955672,97594.05000000,0.00013000,12.68722650,2025-02-15 23:28:15.934,True,True
4561955673,97594.05000000,0.00013000,12.68722650,2025-02-15 23:28:15.940,True,True
4561955674,97594.05000000,0.00013000,12.68722650,2025-02-15 23:28:15.961,True,True
4561955675,97594.05000000,0.00013000,12.68722650,2025-02-15 23:28:15.968,True,True
4561955676,97594.05000000,0.00013000,12.68722650,2025-02-15 23:28:15.973,True,True
4561955677,97594.05000000,0.00013000,12.68722650,2025-02-15 23:28:16.000,True,True
4561955678,97594.05000000,0.00013000,12.68722650,2025-02-15 23:28:16.005,True,True
4561955679,97594.05000000,0.00013000,12.68722650,2025-02-15 23:28:16.008,True,True
4561955680,97594.05000000,0.00013000,12.68722650,2025-02-15 23:28:16.043,True,True
4561955681,97594.05000000,0.00013000,12.68722650,2025-02-15 23:28:16.045,True,True
4561955682,97594.05000000,0.00017000,16.59098850,2025-02-15 23:28:16.059,True,True
4561955683,97594.05000000,0.00013000,12.68722650,2025-02-15 23:28:16.077,True,True
4561955684,97594.05000000,0.00013000,12.68722650,2025-02-15 23:28:16.095,True,True
4561955685,97594.05000000,0.00013000,12.68722650,2025-02-15 23:28:16.111,True,True
4561955686,97594.05000000,0.00013000,12.68722650,2025-02-15 23:28:16.133,True,True
4561955687,97594.05000000,0.00013000,12.68722650,2025-02-15 23:28:16.145,True,True
4561955688,97594.05000000,0.00013000,12.68722650,2025-02-15 23:28:16.168,True,True
4561955689,97594.05000000,0.00013000,12.68722650,2025-02-15 23:28:16.195,True,True
4561955690,97594.05000000,0.00013000,12.68722650,2025-02-15 23:28:16.206,True,True
4561955691,97594.05000000,0.00013000,12.68722650,2025-02-15 23:28:16.226,True,True
4561955692,97594.05000000,0.00013000,12.68722650,2025-02-15 23:28:16.240,True,True
4561955693,97594.05000000,0.00013000,12.68722650,2025-02-15 23:28:16.266,True,True
4561955694,97594.05000000,0.00013000,12.68722650,2025-02-15 23:28:16.280,True,True
4561955695,97594.05000000,0.00013000,12.68722650,2025-02-15 23:28:16.302,True,True
4561955696,97594.05000000,0.00013000,12.68722650,2025-02-15 23:28:16.314,True,True
4561955697,97594.05000000,0.00013000,12.68722650,2025-02-15 23:28:16.341,True,True
4561955698,97594.05000000,0.00013000,12.68722650,2025-02-15 23:28:16.352,True,True
4561955699,97594.05000000,0.00013000,12.68722650,2025-02-15 23:28:16.380,True,True
4561955700,97594.05000000,0.00013000,12.68722650,2025-02-15 23:28:16.389,True,True
4561955701,97594.05000000,0.00013000,12.68722650,2025-02-15 23:28:16.420,True,True
4561955702,97594.05000000,0.00013000,12.68722650,2025-02-15 23:28:16.426,True,True
4561955703,97594.06000000,0.00049000,47.82108940,2025-02-15 23:28:16.445,False,True
4561955704,97594.05000000,0.00013000,12.68722650,2025-02-15 23:28:16.456,True,True
4561955705,97594.05000000,0.00013000,12.68722650,2025-02-15 23:28:16.463,True,True
4561955706,97594.05000000,0.00013000,12.68722650,2025-02-15 23:28:16.490,True,True
4561955707,97594.05000000,0.00013000,12.68722650,2025-02-15 23:28:16.495,True,True
4561955708,97594.05000000,0.00013000,12.68722650,2025-02-15 23:28:16.528,True,True
4561955709,97594.05000000,0.00023000,22.44663150,2025-02-15 23:28:16.538,True,True
4561955710,97594.05000000,0.00013000,12.68722650,2025-02-15 23:28:16.561,True,True
4561955711,97594.05000000,0.00013000,12.68722650,2025-02-15 23:28:16.603,True,True
4561955712,97594.05000000,0.00013000,12.68722650,2025-02-15 23:28:16.636,True,True
4561955713,97594.05000000,0.00013000,12.68722650,2025-02-15 23:28:16.672,True,True
4561955714,97594.05000000,0.00013000,12.68722650,2025-02-15 23:28:16.717,True,True
4561955715,97594.05000000,0.00013000,12.68722650,2025-02-15 23:28:16.761,True,True
4561955716,97594.05000000,0.00013000,12.68722650,2025-02-15 23:28:16.798,True,True
4561955717,97594.05000000,0.00013000,12.68722650,2025-02-15 23:28:16.834,True,True
4561955718,97594.05000000,0.00013000,12.68722650,2025-02-15 23:28:16.872,True,True
4561955719,97594.05000000,0.00105000,102.47375250,2025-02-15 23:28:16.884,True,True
4561955720,97594.05000000,0.00013000,12.68722650,2025-02-15 23:28:16.910,True,True
4561955721,97594.05000000,0.00013000,12.68722650,2025-02-15 23:28:16.948,True,True
4561955722,97594.05000000,0.00013000,12.68722650,2025-02-15 23:28:16.984,True,True
4561955723,97594.05000000,0.00013000,12.68722650,2025-02-15 23:28:17.020,True,True
4561955724,97594.05000000,0.00013000,12.68722650,2025-02-15 23:28:17.059,True,True
4561955725,97594.05000000,0.00013000,12.68722650,2025-02-15 23:28:17.094,True,True
4561955726,97594.05000000,0.01087000,1060.84732350,2025-02-15 23:28:17.098,True,True
4561955727,97594.05000000,0.03327000,3246.95404350,2025-02-15 23:28:17.098,True,True
4561955728,97594.05000000,0.00013000,12.68722650,2025-02-15 23:28:17.133,True,True
4561955729,97594.05000000,0.00013000,12.68722650,2025-02-15 23:28:17.170,True,True
4561955730,97594.05000000,0.00013000,12.68722650,2025-02-15 23:28:17.207,True,True
4561955731,97594.05000000,0.00013000,12.68722650,2025-02-15 23:28:17.244,True,True
4561955732,97594.05000000,0.00013000,12.68722650,2025-02-15 23:28:17.279,True,True
4561955733,97594.05000000,0.00013000,12.68722650,2025-02-15 23:28:17.318,True,True
4561955734,97594.05000000,0.00013000,12.68722650,2025-02-15 23:28:17.358,True,True
4561955735,97594.05000000,0.00013000,12.68722650,2025-02-15 23:28:17.412,True,True
4561955736,97594.05000000,0.00013000,12.68722650,2025-02-15 23:28:17.457,True,True
4561955737,97594.05000000,0.00012000,11.71128600,2025-02-15 23:28:17.459,True,True
4561955738,97594.05000000,0.00013000,12.68722650,2025-02-15 23:28:17.490,True,True
4561955739,97594.05000000,0.00011000,10.73534550,2025-02-15 23:28:17.501,True,True
4561955740,97594.05000000,0.00013000,12.68722650,2025-02-15 23:28:17.534,True,True
4561955741,97594.05000000,0.00011000,10.73534550,2025-02-15 23:28:17.538,True,True
4561955742,97594.05000000,0.00013000,12.68722650,2025-02-15 23:28:17.577,True,True
4561955743,97594.05000000,0.00011000,10.73534550,2025-02-15 23:28:17.581,True,True
4561955744,97594.05000000,0.00011000,10.73534550,2025-02-15 23:28:17.615,True,True
4561955745,97594.05000000,0.00013000,12.68722650,2025-02-15 23:28:17.636,True,True
4561955746,97594.05000000,0.00013000,12.68722650,2025-02-15 23:28:17.675,True,True
4561955747,97594.05000000,0.00013000,12.68722650,2025-02-15 23:28:17.723,True,True
4561955748,97594.05000000,0.00013000,12.68722650,2025-02-15 23:28:17.767,True,True
4561955749,97594.05000000,0.00013000,12.68722650,2025-02-15 23:28:17.815,True,True
4561955750,97594.05000000,0.00013000,12.68722650,2025-02-15 23:28:17.850,True,True
4561955751,97594.05000000,0.00013000,12.68722650,2025-02-15 23:28:17.894,True,True
4561955752,97594.05000000,0.00013000,12.68722650,2025-02-15 23:28:17.927,True,True
4561955753,97594.05000000,0.00013000,12.68722650,2025-02-15 23:28:17.970,True,True
4561955754,97594.05000000,0.00013000,12.68722650,2025-02-15 23:28:18.006,True,True
4561955755,97594.05000000,0.00013000,12.68722650,2025-02-15 23:28:18.050,True,True
4561955756,97594.05000000,0.00013000,12.68722650,2025-02-15 23:28:18.089,True,True
4561955757,97594.05000000,0.00013000,12.68722650,2025-02-15 23:28:18.131,True,True
4561955758,97594.05000000,0.00013000,12.68722650,2025-02-15 23:28:18.168,True,True
4561955759,97594.05000000,0.00013000,12.68722650,2025-02-15 23:28:18.218,True,True
4561955760,97594.05000000,0.00013000,12.68722650,2025-02-15 23:28:18.254,True,True
4561955761,97594.05000000,0.00013000,12.68722650,2025-02-15 23:28:18.297,True,True
4561955762,97594.05000000,0.00013000,12.68722650,2025-02-15 23:28:18.334,True,True
4561955763,97594.05000000,0.00013000,12.68722650,2025-02-15 23:28:18.369,True,True
4561955764,97594.05000000,0.00013000,12.68722650,2025-02-15 23:28:18.412,True,True
4561955765,97594.05000000,0.00013000,12.68722650,2025-02-15 23:28:18.448,True,True
4561955766,97594.05000000,0.00013000,12.68722650,2025-02-15 23:28:18.482,True,True
4561955767,97594.05000000,0.00013000,12.68722650,2025-02-15 23:28:18.539,True,True
4561955768,97594.05000000,0.00013000,12.68722650,2025-02-15 23:28:18.573,True,True
4561955769,97594.05000000,0.00013000,12.68722650,2025-02-15 23:28:18.612,True,True
4561955770,97594.05000000,0.00013000,12.68722650,2025-02-15 23:28:18.654,True,True
4561955771,97594.05000000,0.00013000,12.68722650,2025-02-15 23:28:18.718,True,True
4561955772,97594.06000000,0.02000000,1951.88120000,2025-02-15 23:28:18.724,False,True
4561955773,97594.06000000,0.00015000,14.63910900,2025-02-15 23:28:18.724,False,True
4561955774,97594.06000000,0.00870000,849.06832200,2025-02-15 23:28:18.724,False,True
4561955775,97594.06000000,0.00522000,509.44099320,2025-02-15 23:28:18.724,False,True
4561955776,97594.06000000,0.00052000,50.74891120,2025-02-15 23:28:18.742,False,True
4561955777,97594.05000000,0.00013000,12.68722650,2025-02-15 23:28:18.755,True,True
4561955778,97594.05000000,0.00013000,12.68722650,2025-02-15 23:28:18.790,True,True
4561955779,97594.05000000,0.00013000,12.68722650,2025-02-15 23:28:18.825,True,True
4561955780,97594.05000000,0.00013000,12.68722650,2025-02-15 23:28:18.861,True,True
4561955781,97594.05000000,0.00013000,12.68722650,2025-02-15 23:28:18.912,True,True
4561955782,97594.05000000,0.00013000,12.68722650,2025-02-15 23:28:18.944,True,True
4561955783,97594.05000000,0.00013000,12.68722650,2025-02-15 23:28:18.992,True,True
4561955784,97594.05000000,0.00013000,12.68722650,2025-02-15 23:28:19.028,True,True
4561955785,97594.05000000,0.00013000,12.68722650,2025-02-15 23:28:19.074,True,True
4561955786,97594.06000000,0.00025000,24.39851500,2025-02-15 23:28:19.117,False,True
4561955787,97594.05000000,0.00013000,12.68722650,2025-02-15 23:28:19.120,True,True
4561955788,97594.05000000,0.00013000,12.68722650,2025-02-15 23:28:19.168,True,True
4561955789,97594.05000000,0.00013000,12.68722650,2025-02-15 23:28:19.206,True,True
4561955790,97594.05000000,0.00013000,12.68722650,2025-02-15 23:28:19.240,True,True
4561955791,97594.05000000,0.00013000,12.68722650,2025-02-15 23:28:19.302,True,True
4561955792,97594.05000000,0.00013000,12.68722650,2025-02-15 23:28:19.343,True,True
4561955793,97594.05000000,0.00013000,12.68722650,2025-02-15 23:28:19.379,True,True
4561955794,97594.05000000,0.00013000,12.68722650,2025-02-15 23:28:19.420,True,True
4561955795,97594.05000000,0.00013000,12.68722650,2025-02-15 23:28:19.459,True,True
4561955796,97594.05000000,0.00013000,12.68722650,2025-02-15 23:28:19.517,True,True
4561955797,97594.05000000,0.00013000,12.68722650,2025-02-15 23:28:19.553,True,True
4561955798,97594.05000000,0.00013000,12.68722650,2025-02-15 23:28:19.599,True,True
4561955799,97594.05000000,0.00013000,12.68722650,2025-02-15 23:28:19.636,True,True
4561955800,97594.05000000,0.00012000,11.71128600,2025-02-15 23:28:19.674,True,True
4561955801,97594.05000000,0.00013000,12.68722650,2025-02-15 23:28:19.677,True,True
4561955802,97594.05000000,0.00011000,10.73534550,2025-02-15 23:28:19.715,True,True
4561955803,97594.05000000,0.00013000,12.68722650,2025-02-15 23:28:19.716,True,True
4561955804,97594.05000000,0.00013000,12.68722650,2025-02-15 23:28:19.769,True,True
4561955805,97594.05000000,0.00013000,12.68722650,2025-02-15 23:28:19.804,True,True
4561955806,97594.06000000,0.00060000,58.55643600,2025-02-15 23:28:19.812,False,True
4561955807,97594.05000000,0.00096000,93.69028800,2025-02-15 23:28:19.836,True,True
4561955808,97594.05000000,0.00013000,12.68722650,2025-02-15 23:28:19.857,True,True
4561955809,97594.05000000,0.00044000,42.94138200,2025-02-15 23:28:19.884,True,True
4561955810,97594.05000000,0.00013000,12.68722650,2025-02-15 23:28:19.901,True,True
4561955811,97594.05000000,0.00013000,12.68722650,2025-02-15 23:28:19.938,True,True
4561955812,97594.05000000,0.00013000,12.68722650,2025-02-15 23:28:19.982,True,True
4561955813,97594.05000000,0.00013000,12.68722650,2025-02-15 23:28:20.019,True,True
4561955814,97594.05000000,0.00013000,12.68722650,2025-02-15 23:28:20.056,True,True
4561955815,97594.05000000,0.00013000,12.68722650,2025-02-15 23:28:20.099,True,True
4561955816,97594.05000000,0.00013000,12.68722650,2025-02-15 23:28:20.136,True,True
4561955817,97594.05000000,0.00013000,12.68722650,2025-02-15 23:28:20.141,True,True
4561955818,97594.05000000,0.00013000,12.68722650,2025-02-15 23:28:20.168,True,True
4561955819,97594.05000000,0.00013000,12.68722650,2025-02-15 23:28:20.183,True,True
4561955820,97594.05000000,0.00013000,12.68722650,2025-02-15 23:28:20.204,True,True
4561955821,97594.05000000,0.00013000,12.68722650,2025-02-15 23:28:20.219,True,True
4561955822,97594.05000000,0.00013000,12.68722650,2025-02-15 23:28:20.253,True,True
4561955823,97594.05000000,0.00013000,12.68722650,2025-02-15 23:28:20.255,True,True
4561955824,97594.05000000,0.00013000,12.68722650,2025-02-15 23:28:20.291,True,True
4561955825,97594.05000000,0.00013000,12.68722650,2025-02-15 23:28:20.298,True,True
4561955826,97594.05000000,0.00013000,12.68722650,2025-02-15 23:28:20.326,True,True
4561955827,97594.05000000,0.00013000,12.68722650,2025-02-15 23:28:20.340,True,True
4561955828,97594.05000000,0.00013000,12.68722650,2025-02-15 23:28:20.366,True,True
4561955829,97594.05000000,0.00013000,12.68722650,2025-02-15 23:28:20.377,True,True
4561955830,97594.05000000,0.00013000,12.68722650,2025-02-15 23:28:20.404,True,True
4561955831,97594.05000000,0.00792000,772.94487600,2025-02-15 23:28:20.408,True,True
4561955832,97594.05000000,0.00013000,12.68722650,2025-02-15 23:28:20.416,True,True
4561955833,97594.05000000,0.00013000,12.68722650,2025-02-15 23:28:20.442,True,True
4561955834,97594.05000000,0.00013000,12.68722650,2025-02-15 23:28:20.458,True,True
4561955835,97594.05000000,0.00013000,12.68722650,2025-02-15 23:28:20.496,True,True
4561955836,97594.05000000,0.00013000,12.68722650,2025-02-15 23:28:20.500,True,True
4561955837,97594.05000000,0.00013000,12.68722650,2025-02-15 23:28:20.532,True,True
4561955838,97594.05000000,0.00013000,12.68722650,2025-02-15 23:28:20.538,True,True
4561955839,97594.05000000,0.00013000,12.68722650,2025-02-15 23:28:20.569,True,True
4561955840,97594.05000000,0.00013000,12.68722650,2025-02-15 23:28:20.575,True,True
4561955841,97594.05000000,0.00013000,12.68722650,2025-02-15 23:28:20.615,True,True
4561955842,97594.05000000,0.00013000,12.68722650,2025-02-15 23:28:20.616,True,True
4561955843,97594.05000000,0.00013000,12.68722650,2025-02-15 23:28:20.655,True,True
4561955844,97594.05000000,0.00013000,12.68722650,2025-02-15 23:28:20.669,True,True
4561955845,97594.05000000,0.00013000,12.68722650,2025-02-15 23:28:20.692,True,True
4561955846,97594.05000000,0.00013000,12.68722650,2025-02-15 23:28:20.704,True,True
4561955847,97594.05000000,0.00013000,12.68722650,2025-02-15 23:28:20.739,True,True
4561955848,97594.05000000,0.00013000,12.68722650,2025-02-15 23:28:20.744,True,True
4561955849,97594.05000000,0.00013000,12.68722650,2025-02-15 23:28:20.771,True,True
4561955850,97594.05000000,0.00013000,12.68722650,2025-02-15 23:28:20.784,True,True
4561955851,97594.05000000,0.00013000,12.68722650,2025-02-15 23:28:20.818,True,True
4561955852,97594.05000000,0.00013000,12.68722650,2025-02-15 23:28:20.821,True,True
4561955853,97594.06000000,0.01026000,1001.31505560,2025-02-15 23:28:20.828,False,True
4561955854,97594.05000000,0.00013000,12.68722650,2025-02-15 23:28:20.859,True,True
4561955855,97594.05000000,0.00013000,12.68722650,2025-02-15 23:28:20.863,True,True
4561955856,97594.05000000,0.00013000,12.68722650,2025-02-15 23:28:20.896,True,True
4561955857,97594.05000000,0.00013000,12.68722650,2025-02-15 23:28:20.900,True,True
4561955858,97594.05000000,0.00013000,12.68722650,2025-02-15 23:28:20.927,True,True
4561955859,97594.06000000,0.01025000,1000.33911500,2025-02-15 23:28:20.956,False,True
4561955860,97594.05000000,0.00013000,12.68722650,2025-02-15 23:28:20.957,True,True
4561955861,97594.05000000,0.00013000,12.68722650,2025-02-15 23:28:20.968,True,True
4561955862,97594.05000000,0.00013000,12.68722650,2025-02-15 23:28:20.993,True,True
4561955863,97594.05000000,0.00013000,12.68722650,2025-02-15 23:28:21.012,True,True
4561955864,97594.05000000,0.00013000,12.68722650,2025-02-15 23:28:21.038,True,True
4561955865,97594.05000000,0.00013000,12.68722650,2025-02-15 23:28:21.054,True,True
4561955866,97594.05000000,0.00013000,12.68722650,2025-02-15 23:28:21.080,True,True
4561955867,97594.05000000,0.00013000,12.68722650,2025-02-15 23:28:21.103,True,True
4561955868,97594.05000000,0.00013000,12.68722650,2025-02-15 23:28:21.121,True,True
4561955869,97594.05000000,0.00330000,322.06036500,2025-02-15 23:28:21.136,True,True
4561955870,97594.05000000,0.00013000,12.68722650,2025-02-15 23:28:21.139,True,True
4561955871,97594.05000000,0.00013000,12.68722650,2025-02-15 23:28:21.160,True,True
4561955872,97594.05000000,0.00013000,12.68722650,2025-02-15 23:28:21.173,True,True
4561955873,97594.05000000,0.09979000,9738.91024950,2025-02-15 23:28:21.192,True,True
4561955874,97594.05000000,0.00006000,5.85564300,2025-02-15 23:28:21.192,True,True
4561955875,97594.05000000,0.00006000,5.85564300,2025-02-15 23:28:21.192,True,True
4561955876,97594.05000000,0.00006000,5.85564300,2025-02-15 23:28:21.192,True,True
4561955877,97594.05000000,0.00006000,5.85564300,2025-02-15 23:28:21.192,True,True
4561955878,97594.05000000,0.00015000,14.63910750,2025-02-15 23:28:21.192,True,True
4561955879,97594.05000000,0.00006000,5.85564300,2025-02-15 23:28:21.192,True,True
4561955880,97594.05000000,0.00006000,5.85564300,2025-02-15 23:28:21.192,True,True
4561955881,97594.05000000,0.00006000,5.85564300,2025-02-15 23:28:21.192,True,True
4561955882,97594.05000000,0.00006000,5.85564300,2025-02-15 23:28:21.192,True,True
4561955883,97594.05000000,0.00006000,5.85564300,2025-02-15 23:28:21.192,True,True
4561955884,97594.05000000,0.00006000,5.85564300,2025-02-15 23:28:21.192,True,True
4561955885,97594.05000000,0.00006000,5.85564300,2025-02-15 23:28:21.192,True,True
4561955886,97594.05000000,0.00006000,5.85564300,2025-02-15 23:28:21.192,True,True
4561955887,97594.05000000,0.00006000,5.85564300,2025-02-15 23:28:21.192,True,True
4561955888,97594.05000000,0.00006000,5.85564300,2025-02-15 23:28:21.192,True,True
4561955889,97594.05000000,0.00006000,5.85564300,2025-02-15 23:28:21.192,True,True
4561955890,97594.05000000,0.00006000,5.85564300,2025-02-15 23:28:21.192,True,True
4561955891,97594.05000000,0.04996000,4875.79873800,2025-02-15 23:28:21.192,True,True
4561955892,97594.05000000,0.04996000,4875.79873800,2025-02-15 23:28:21.192,True,True
4561955893,97594.05000000,0.04765000,4650.35648250,2025-02-15 23:28:21.192,True,True
4561955894,97594.05000000,0.00023000,22.44663150,2025-02-15 23:28:21.192,True,True
4561955895,97594.05000000,0.00006000,5.85564300,2025-02-15 23:28:21.192,True,True
4561955896,97594.05000000,0.06830000,6665.67361500,2025-02-15 23:28:21.192,True,True
4561955897,97594.05000000,0.09493000,9264.60316650,2025-02-15 23:28:21.192,True,True
4561955898,97594.05000000,0.04996000,4875.79873800,2025-02-15 23:28:21.192,True,True
4561955899,97594.05000000,0.00036000,35.13385800,2025-02-15 23:28:21.192,True,True
4561955900,97594.05000000,0.00639000,623.62597950,2025-02-15 23:28:21.192,True,True
4561955901,97594.05000000,0.01137000,1109.64434850,2025-02-15 23:28:21.193,True,True
4561955902,97594.05000000,0.00010000,9.75940500,2025-02-15 23:28:21.193,True,True
4561955903,97594.05000000,0.00122000,119.06474100,2025-02-15 23:28:21.193,True,True
4561955904,97594.05000000,0.00006000,5.85564300,2025-02-15 23:28:21.193,True,True
4561955905,97594.05000000,0.00006000,5.85564300,2025-02-15 23:28:21.193,True,True
4561955906,97594.05000000,0.00006000,5.85564300,2025-02-15 23:28:21.193,True,True
4561955907,97594.05000000,0.00006000,5.85564300,2025-02-15 23:28:21.193,True,True
4561955908,97594.05000000,0.00006000,5.85564300,2025-02-15 23:28:21.193,True,True
4561955909,97594.05000000,0.00006000,5.85564300,2025-02-15 23:28:21.193,True,True
4561955910,97594.05000000,0.00006000,5.85564300,2025-02-15 23:28:21.193,True,True
4561955911,97594.05000000,0.00006000,5.85564300,2025-02-15 23:28:21.193,True,True
4561955912,97594.05000000,0.00006000,5.85564300,2025-02-15 23:28:21.193,True,True
4561955913,97594.05000000,0.00006000,5.85564300,2025-02-15 23:28:21.193,True,True
4561955914,97594.05000000,0.00006000,5.85564300,2025-02-15 23:28:21.193,True,True
4561955915,97594.05000000,0.00006000,5.85564300,2025-02-15 23:28:21.193,True,True
4561955916,97594.05000000,0.00006000,5.85564300,2025-02-15 23:28:21.193,True,True
4561955917,97594.05000000,0.00006000,5.85564300,2025-02-15 23:28:21.193,True,True
4561955918,97594.05000000,0.00006000,5.85564300,2025-02-15 23:28:21.193,True,True
4561955919,97594.05000000,0.00006000,5.85564300,2025-02-15 23:28:21.193,True,True
4561955920,97594.05000000,0.00006000,5.85564300,2025-02-15 23:28:21.193,True,True
4561955921,97594.05000000,0.00006000,5.85564300,2025-02-15 23:28:21.193,True,True
4561955922,97594.04000000,0.00006000,5.85564240,2025-02-15 23:28:21.193,True,True
4561955923,97594.04000000,0.00006000,5.85564240,2025-02-15 23:28:21.193,True,True
4561955924,97594.04000000,0.00006000,5.85564240,2025-02-15 23:28:21.193,True,True
4561955925,97594.01000000,0.00006000,5.85564060,2025-02-15 23:28:21.193,True,True
4561955926,97594.01000000,0.00006000,5.85564060,2025-02-15 23:28:21.193,True,True
4561955927,97594.01000000,0.00006000,5.85564060,2025-02-15 23:28:21.193,True,True
4561955928,97594.00000000,0.00006000,5.85564000,2025-02-15 23:28:21.193,True,True
4561955929,97594.00000000,0.00006000,5.85564000,2025-02-15 23:28:21.193,True,True
4561955930,97594.00000000,0.00006000,5.85564000,2025-02-15 23:28:21.193,True,True
4561955931,97593.94000000,0.00006000,5.85563640,2025-02-15 23:28:21.193,True,True
4561955932,97593.94000000,0.00006000,5.85563640,2025-02-15 23:28:21.193,True,True
4561955933,97593.94000000,0.00006000,5.85563640,2025-02-15 23:28:21.193,True,True
4561955934,97593.93000000,0.00006000,5.85563580,2025-02-15 23:28:21.193,True,True
4561955935,97593.93000000,0.00006000,5.85563580,2025-02-15 23:28:21.193,True,True
4561955936,97593.93000000,0.00006000,5.85563580,2025-02-15 23:28:21.193,True,True
4561955937,97593.92000000,0.00006000,5.85563520,2025-02-15 23:28:21.193,True,True
4561955938,97593.92000000,0.00006000,5.85563520,2025-02-15 23:28:21.193,True,True
4561955939,97593.92000000,0.00006000,5.85563520,2025-02-15 23:28:21.193,True,True
4561955940,97593.91000000,0.00006000,5.85563460,2025-02-15 23:28:21.193,True,True
4561955941,97593.91000000,0.00006000,5.85563460,2025-02-15 23:28:21.193,True,True
4561955942,97593.91000000,0.00006000,5.85563460,2025-02-15 23:28:21.193,True,True
4561955943,97593.90000000,0.00006000,5.85563400,2025-02-15 23:28:21.193,True,True
4561955944,97593.90000000,0.00006000,5.85563400,2025-02-15 23:28:21.193,True,True
4561955945,97593.90000000,0.00006000,5.85563400,2025-02-15 23:28:21.193,True,True
4561955946,97593.90000000,0.00006000,5.85563400,2025-02-15 23:28:21.193,True,True
4561955947,97593.90000000,0.00006000,5.85563400,2025-02-15 23:28:21.193,True,True
4561955948,97593.89000000,0.00006000,5.85563340,2025-02-15 23:28:21.193,True,True
4561955949,97593.89000000,0.00006000,5.85563340,2025-02-15 23:28:21.193,True,True
4561955950,97593.89000000,0.01904000,1858.18766560,2025-02-15 23:28:21.193,True,True
4561955951,97593.89000000,0.00006000,5.85563340,2025-02-15 23:28:21.193,True,True
4561955952,97593.89000000,0.00006000,5.85563340,2025-02-15 23:28:21.193,True,True
4561955953,97593.89000000,0.00006000,5.85563340,2025-02-15 23:28:21.193,True,True
4561955954,97593.89000000,0.00006000,5.85563340,2025-02-15 23:28:21.193,True,True
4561955955,97593.89000000,0.00006000,5.85563340,2025-02-15 23:28:21.193,True,True
4561955956,97593.89000000,0.00006000,5.85563340,2025-02-15 23:28:21.193,True,True
4561955957,97593.89000000,0.00006000,5.85563340,2025-02-15 23:28:21.193,True,True
4561955958,97593.89000000,0.00006000,5.85563340,2025-02-15 23:28:21.193,True,True
4561955959,97593.89000000,0.00006000,5.85563340,2025-02-15 23:28:21.193,True,True
4561955960,97593.89000000,0.00006000,5.85563340,2025-02-15 23:28:21.193,True,True
4561955961,97593.88000000,0.00006000,5.85563280,2025-02-15 23:28:21.193,True,True
4561955962,97593.88000000,0.00006000,5.85563280,2025-02-15 23:28:21.193,True,True
4561955963,97593.84000000,0.00006000,5.85563040,2025-02-15 23:28:21.193,True,True
4561955964,97593.84000000,0.00006000,5.85563040,2025-02-15 23:28:21.193,True,True
4561955965,97593.81000000,0.00006000,5.85562860,2025-02-15 23:28:21.193,True,True
4561955966,97593.81000000,0.00006000,5.85562860,2025-02-15 23:28:21.193,True,True
4561955967,97593.80000000,0.00006000,5.85562800,2025-02-15 23:28:21.193,True,True
4561955968,97593.80000000,0.00006000,5.85562800,2025-02-15 23:28:21.193,True,True
4561955969,97593.70000000,0.00006000,5.85562200,2025-02-15 23:28:21.193,True,True
4561955970,97593.70000000,0.00006000,5.85562200,2025-02-15 23:28:21.193,True,True
4561955971,97593.69000000,0.00006000,5.85562140,2025-02-15 23:28:21.193,True,True
4561955972,97593.69000000,0.00006000,5.85562140,2025-02-15 23:28:21.193,True,True
4561955973,97593.69000000,0.00006000,5.85562140,2025-02-15 23:28:21.193,True,True
4561955974,97593.69000000,0.00006000,5.85562140,2025-02-15 23:28:21.193,True,True
4561955975,97593.69000000,0.00006000,5.85562140,2025-02-15 23:28:21.193,True,True
4561955976,97593.69000000,0.00006000,5.85562140,2025-02-15 23:28:21.193,True,True
4561955977,97593.69000000,0.00006000,5.85562140,2025-02-15 23:28:21.193,True,True
4561955978,97593.69000000,0.00006000,5.85562140,2025-02-15 23:28:21.193,True,True
4561955979,97593.69000000,0.00006000,5.85562140,2025-02-15 23:28:21.193,True,True
4561955980,97593.69000000,0.00006000,5.85562140,2025-02-15 23:28:21.193,True,True
4561955981,97593.69000000,0.00006000,5.85562140,2025-02-15 23:28:21.193,True,True
4561955982,97593.69000000,0.00006000,5.85562140,2025-02-15 23:28:21.193,True,True
4561955983,97593.69000000,0.00006000,5.85562140,2025-02-15 23:28:21.193,True,True
4561955984,97593.68000000,0.10239000,9992.61689520,2025-02-15 23:28:21.193,True,True
4561955985,97592.11000000,0.00008000,7.80736880,2025-02-15 23:28:21.197,True,True
4561955986,97590.25000000,0.00005000,4.87951250,2025-02-15 23:28:21.197,True,True
4561955987,97590.25000000,0.00009000,8.78312250,2025-02-15 23:28:21.207,True,True
4561955988,97590.24000000,0.00011000,10.73492640,2025-02-15 23:28:21.207,True,True
4561955989,97590.00000000,0.00006000,5.85540000,2025-02-15 23:28:21.211,True,True
4561955990,97590.00000000,0.00006000,5.85540000,2025-02-15 23:28:21.211,True,True
4561955991,97590.00000000,0.00006000,5.85540000,2025-02-15 23:28:21.211,True,True
4561955992,97590.00000000,0.00006000,5.85540000,2025-02-15 23:28:21.211,True,True
4561955993,97590.00000000,0.00006000,5.85540000,2025-02-15 23:28:21.211,True,True
4561955994,97590.00000000,0.00006000,5.85540000,2025-02-15 23:28:21.211,True,True
4561955995,97590.00000000,0.00006000,5.85540000,2025-02-15 23:28:21.211,True,True
4561955996,97590.00000000,0.00006000,5.85540000,2025-02-15 23:28:21.211,True,True
4561955997,97590.00000000,0.00006000,5.85540000,2025-02-15 23:28:21.211,True,True
4561955998,97590.00000000,0.00006000,5.85540000,2025-02-15 23:28:21.211,True,True
4561955999,97589.91000000,0.00006000,5.85539460,2025-02-15 23:28:21.211,True,True
4561956000,97589.13000000,0.00006000,5.85534780,2025-02-15 23:28:21.211,True,True
4561956001,97589.13000000,0.00006000,5.85534780,2025-02-15 23:28:21.211,True,True
4561956002,97589.13000000,0.00006000,5.85534780,2025-02-15 23:28:21.211,True,True
4561956003,97589.12000000,0.00758000,739.72552960,2025-02-15 23:28:21.211,True,True
4561956004,97588.92000000,0.00006000,5.85533520,2025-02-15 23:28:21.211,True,True
4561956005,97588.80000000,0.00006000,5.85532800,2025-02-15 23:28:21.211,True,True
4561956006,97588.80000000,0.00006000,5.85532800,2025-02-15 23:28:21.211,True,True
4561956007,97588.80000000,0.00006000,5.85532800,2025-02-15 23:28:21.211,True,True
4561956008,97588.79000000,0.01520000,1483.34960800,2025-02-15 23:28:21.211,True,True
4561956009,97588.00000000,0.00006000,5.85528000,2025-02-15 23:28:21.213,True,True
4561956010,97588.00000000,0.00006000,5.85528000,2025-02-15 23:28:21.213,True,True
4561956011,97588.00000000,0.00001000,0.97588000,2025-02-15 23:28:21.213,True,True
4561956012,97588.00000000,0.00005000,4.87940000,2025-02-15 23:28:21.229,True,True
4561956013,97588.00000000,0.00006000,5.85528000,2025-02-15 23:28:21.229,True,True
4561956014,97588.00000000,0.00006000,5.85528000,2025-02-15 23:28:21.229,True,True
4561956015,97588.00000000,0.00006000,5.85528000,2025-02-15 23:28:21.229,True,True
4561956016,97588.00000000,0.00006000,5.85528000,2025-02-15 23:28:21.229,True,True
4561956017,97588.00000000,0.00006000,5.85528000,2025-02-15 23:28:21.229,True,True
4561956018,97588.00000000,0.00006000,5.85528000,2025-02-15 23:28:21.229,True,True
4561956019,97588.00000000,0.00006000,5.85528000,2025-02-15 23:28:21.229,True,True
4561956020,97588.00000000,0.00006000,5.85528000,2025-02-15 23:28:21.229,True,True
4561956021,97588.00000000,0.00006000,5.85528000,2025-02-15 23:28:21.229,True,True
4561956022,97588.00000000,0.00006000,5.85528000,2025-02-15 23:28:21.229,True,True
4561956023,97587.97000000,0.00014000,13.66231580,2025-02-15 23:28:21.229,True,True
4561956024,97587.97000000,0.00006000,5.85527820,2025-02-15 23:28:21.229,True,True
4561956025,97587.96000000,0.00090000,87.82916400,2025-02-15 23:28:21.234,True,True
4561956026,97587.96000000,0.00090000,87.82916400,2025-02-15 23:28:21.234,True,True
4561956027,97587.96000000,0.00090000,87.82916400,2025-02-15 23:28:21.234,True,True
4561956028,97587.96000000,0.00090000,87.82916400,2025-02-15 23:28:21.234,True,True
4561956029,97587.96000000,0.00090000,87.82916400,2025-02-15 23:28:21.234,True,True
4561956030,97587.96000000,0.01066000,1040.28765360,2025-02-15 23:28:21.241,True,True
4561956031,97587.96000000,0.00006000,5.85527760,2025-02-15 23:28:21.241,True,True
4561956032,97587.96000000,0.00006000,5.85527760,2025-02-15 23:28:21.241,True,True
4561956033,97587.96000000,0.00006000,5.85527760,2025-02-15 23:28:21.241,True,True
4561956034,97587.96000000,0.00006000,5.85527760,2025-02-15 23:28:21.241,True,True
4561956035,97587.96000000,0.00006000,5.85527760,2025-02-15 23:28:21.241,True,True
4561956036,97587.96000000,0.00006000,5.85527760,2025-02-15 23:28:21.241,True,True
4561956037,97587.96000000,0.00006000,5.85527760,2025-02-15 23:28:21.241,True,True
4561956038,97587.96000000,0.00006000,5.85527760,2025-02-15 23:28:21.241,True,True
4561956039,97587.96000000,0.00006000,5.85527760,2025-02-15 23:28:21.241,True,True
4561956040,97587.96000000,0.00006000,5.85527760,2025-02-15 23:28:21.241,True,True
4561956041,97587.96000000,0.00006000,5.85527760,2025-02-15 23:28:21.241,True,True
4561956042,97587.96000000,0.00006000,5.85527760,2025-02-15 23:28:21.241,True,True
4561956043,97587.96000000,0.00006000,5.85527760,2025-02-15 23:28:21.241,True,True
4561956044,97587.96000000,0.00006000,5.85527760,2025-02-15 23:28:21.241,True,True
4561956045,97587.96000000,0.00006000,5.85527760,2025-02-15 23:28:21.241,True,True
4561956046,97587.96000000,0.00006000,5.85527760,2025-02-15 23:28:21.241,True,True
4561956047,97587.96000000,0.00006000,5.85527760,2025-02-15 23:28:21.241,True,True
4561956048,97587.96000000,0.00006000,5.85527760,2025-02-15 23:28:21.241,True,True
4561956049,97587.96000000,0.00006000,5.85527760,2025-02-15 23:28:21.241,True,True
4561956050,97587.96000000,0.00006000,5.85527760,2025-02-15 23:28:21.241,True,True
4561956051,97587.96000000,0.00006000,5.85527760,2025-02-15 23:28:21.241,True,True
4561956052,97587.96000000,0.00006000,5.85527760,2025-02-15 23:28:21.241,True,True
4561956053,97586.43000000,0.00037000,36.10697910,2025-02-15 23:28:21.244,True,True
4561956054,97586.43000000,0.00006000,5.85518580,2025-02-15 23:28:21.244,True,True
4561956055,97586.43000000,0.00006000,5.85518580,2025-02-15 23:28:21.244,True,True
4561956056,97586.43000000,0.00006000,5.85518580,2025-02-15 23:28:21.244,True,True
4561956057,97586.11000000,0.00147000,143.45158170,2025-02-15 23:28:21.244,True,True
4561956058,97586.43000000,0.00006000,5.85518580,2025-02-15 23:28:21.253,True,True
4561956059,97586.43000000,0.00006000,5.85518580,2025-02-15 23:28:21.253,True,True
4561956060,97586.43000000,0.00006000,5.85518580,2025-02-15 23:28:21.253,True,True
4561956061,97586.43000000,0.00006000,5.85518580,2025-02-15 23:28:21.253,True,True
4561956062,97586.43000000,0.00006000,5.85518580,2025-02-15 23:28:21.253,True,True
4561956063,97586.43000000,0.00006000,5.85518580,2025-02-15 23:28:21.253,True,True
4561956064,97586.43000000,0.00006000,5.85518580,2025-02-15 23:28:21.253,True,True
4561956065,97586.43000000,0.00006000,5.85518580,2025-02-15 23:28:21.253,True,True
4561956066,97586.43000000,0.00006000,5.85518580,2025-02-15 23:28:21.253,True,True
4561956067,97586.43000000,0.00006000,5.85518580,2025-02-15 23:28:21.253,True,True
4561956068,97586.43000000,0.00006000,5.85518580,2025-02-15 23:28:21.253,True,True
4561956069,97586.43000000,0.00006000,5.85518580,2025-02-15 23:28:21.253,True,True
4561956070,97586.43000000,0.00006000,5.85518580,2025-02-15 23:28:21.253,True,True
4561956071,97586.29000000,0.00029000,28.30002410,2025-02-15 23:28:21.253,True,True
4561956072,97586.29000000,0.00022000,21.46898380,2025-02-15 23:28:21.253,True,True
4561956073,97586.11000000,0.00019000,18.54136090,2025-02-15 23:28:21.253,True,True
4561956074,97586.11000000,0.00013000,12.68619430,2025-02-15 23:28:21.287,True,True
4561956075,97586.11000000,0.00013000,12.68619430,2025-02-15 23:28:21.324,True,True
4561956076,97586.11000000,0.00013000,12.68619430,2025-02-15 23:28:21.328,True,True
4561956077,97586.11000000,0.00013000,12.68619430,2025-02-15 23:28:21.369,True,True
4561956078,97586.11000000,0.00013000,12.68619430,2025-02-15 23:28:21.371,True,True
4561956079,97586.11000000,0.00013000,12.68619430,2025-02-15 23:28:21.403,True,True
4561956080,97586.11000000,0.00013000,12.68619430,2025-02-15 23:28:21.405,True,True
4561956081,97586.11000000,0.00013000,12.68619430,2025-02-15 23:28:21.438,True,True
4561956082,97586.11000000,0.00013000,12.68619430,2025-02-15 23:28:21.450,True,True
4561956083,97586.11000000,0.00013000,12.68619430,2025-02-15 23:28:21.472,True,True
4561956084,97586.11000000,0.00013000,12.68619430,2025-02-15 23:28:21.493,True,True
4561956085,97586.11000000,0.00013000,12.68619430,2025-02-15 23:28:21.509,True,True
4561956086,97586.11000000,0.00013000,12.68619430,2025-02-15 23:28:21.530,True,True
4561956087,97586.11000000,0.00013000,12.68619430,2025-02-15 23:28:21.543,True,True
4561956088,97586.11000000,0.00013000,12.68619430,2025-02-15 23:28:21.561,True,True
4561956089,97586.11000000,0.00013000,12.68619430,2025-02-15 23:28:21.586,True,True
4561956090,97586.11000000,0.00013000,12.68619430,2025-02-15 23:28:21.624,True,True
4561956091,97586.11000000,0.00013000,12.68619430,2025-02-15 23:28:21.627,True,True
4561956092,97586.11000000,0.00013000,12.68619430,2025-02-15 23:28:21.665,True,True
4561956093,97586.11000000,0.00013000,12.68619430,2025-02-15 23:28:21.668,True,True
4561956094,97586.11000000,0.00013000,12.68619430,2025-02-15 23:28:21.700,True,True
4561956095,97586.11000000,0.00013000,12.68619430,2025-02-15 23:28:21.701,True,True
4561956096,97586.11000000,0.00010000,9.75861100,2025-02-15 23:28:21.734,True,True
4561956097,97586.11000000,0.00013000,12.68619430,2025-02-15 23:28:21.734,True,True
4561956098,97586.11000000,0.00013000,12.68619430,2025-02-15 23:28:21.737,True,True
4561956099,97586.11000000,0.00013000,12.68619430,2025-02-15 23:28:21.771,True,True
4561956100,97586.11000000,0.00012000,11.71033320,2025-02-15 23:28:21.773,True,True
4561956101,97586.12000000,0.01527000,1490.14005240,2025-02-15 23:28:21.778,False,True
4561956102,97586.11000000,0.00013000,12.68619430,2025-02-15 23:28:21.794,True,True
4561956103,97586.11000000,0.00013000,12.68619430,2025-02-15 23:28:21.805,True,True
4561956104,97586.11000000,0.00011000,10.73447210,2025-02-15 23:28:21.807,True,True
4561956105,97586.11000000,0.00013000,12.68619430,2025-02-15 23:28:21.842,True,True
4561956106,97586.11000000,0.00011000,10.73447210,2025-02-15 23:28:21.850,True,True
4561956107,97586.12000000,0.00016000,15.61377920,2025-02-15 23:28:21.867,False,True
4561956108,97586.11000000,0.00013000,12.68619430,2025-02-15 23:28:21.879,True,True
4561956109,97586.11000000,0.00013000,12.68619430,2025-02-15 23:28:21.888,True,True
4561956110,97586.11000000,0.00012000,11.71033320,2025-02-15 23:28:21.893,True,True
4561956111,97586.12000000,0.00017000,16.58964040,2025-02-15 23:28:21.903,False,True
4561956112,97586.11000000,0.00013000,12.68619430,2025-02-15 23:28:21.905,True,True
4561956113,97586.11000000,0.00013000,12.68619430,2025-02-15 23:28:21.915,True,True
4561956114,97586.11000000,0.00013000,12.68619430,2025-02-15 23:28:21.925,True,True
4561956115,97586.11000000,0.00012000,11.71033320,2025-02-15 23:28:21.928,True,True
4561956116,97586.11000000,0.00013000,12.68619430,2025-02-15 23:28:21.941,True,True
4561956117,97586.11000000,0.00013000,12.68619430,2025-02-15 23:28:21.956,True,True
4561956118,97586.11000000,0.00013000,12.68619430,2025-02-15 23:28:21.963,True,True
4561956119,97586.11000000,0.00013000,12.68619430,2025-02-15 23:28:21.987,True,True
4561956120,97586.11000000,0.00012000,11.71033320,2025-02-15 23:28:21.990,True,True
4561956121,97586.11000000,0.00013000,12.68619430,2025-02-15 23:28:21.998,True,True
4561956122,97586.11000000,0.00013000,12.68619430,2025-02-15 23:28:22.001,True,True
4561956123,97586.11000000,0.00013000,12.68619430,2025-02-15 23:28:22.038,True,True
4561956124,97586.11000000,0.00013000,12.68619430,2025-02-15 23:28:22.038,True,True
4561956125,97586.11000000,0.00013000,12.68619430,2025-02-15 23:28:22.044,True,True
4561956126,97586.11000000,0.00012000,11.71033320,2025-02-15 23:28:22.045,True,True
4561956127,97586.11000000,0.00013000,12.68619430,2025-02-15 23:28:22.074,True,True
4561956128,97586.11000000,0.00013000,12.68619430,2025-02-15 23:28:22.077,True,True
4561956129,97586.11000000,0.00013000,12.68619430,2025-02-15 23:28:22.079,True,True
4561956130,97586.11000000,0.00013000,12.68619430,2025-02-15 23:28:22.110,True,True
4561956131,97586.11000000,0.00013000,12.68619430,2025-02-15 23:28:22.113,True,True
4561956132,97586.11000000,0.00013000,12.68619430,2025-02-15 23:28:22.113,True,True
4561956133,97586.11000000,0.00013000,12.68619430,2025-02-15 23:28:22.145,True,True
4561956134,97586.11000000,0.00013000,12.68619430,2025-02-15 23:28:22.149,True,True
4561956135,97586.11000000,0.00013000,12.68619430,2025-02-15 23:28:22.154,True,True
4561956136,97586.11000000,0.00013000,12.68619430,2025-02-15 23:28:22.180,True,True
4561956137,97586.11000000,0.00013000,12.68619430,2025-02-15 23:28:22.191,True,True
4561956138,97586.11000000,0.00013000,12.68619430,2025-02-15 23:28:22.195,True,True
4561956139,97586.11000000,0.00013000,12.68619430,2025-02-15 23:28:22.218,True,True
4561956140,97586.11000000,0.00013000,12.68619430,2025-02-15 23:28:22.228,True,True
4561956141,97586.11000000,0.00013000,12.68619430,2025-02-15 23:28:22.237,True,True
4561956142,97586.11000000,0.00013000,12.68619430,2025-02-15 23:28:22.254,True,True
4561956143,97586.11000000,0.00013000,12.68619430,2025-02-15 23:28:22.266,True,True
4561956144,97586.11000000,0.00013000,12.68619430,2025-02-15 23:28:22.273,True,True
4561956145,97586.11000000,0.00013000,12.68619430,2025-02-15 23:28:22.290,True,True
4561956146,97586.11000000,0.00013000,12.68619430,2025-02-15 23:28:22.303,True,True
4561956147,97586.11000000,0.00013000,12.68619430,2025-02-15 23:28:22.316,True,True
4561956148,97586.11000000,0.00013000,12.68619430,2025-02-15 23:28:22.321,True,True
4561956149,97586.11000000,0.00013000,12.68619430,2025-02-15 23:28:22.340,True,True
4561956150,97586.11000000,0.00013000,12.68619430,2025-02-15 23:28:22.362,True,True
4561956151,97586.11000000,0.00013000,12.68619430,2025-02-15 23:28:22.371,True,True
4561956152,97586.11000000,0.00013000,12.68619430,2025-02-15 23:28:22.374,True,True
4561956153,97586.11000000,0.00013000,12.68619430,2025-02-15 23:28:22.394,True,True
4561956154,97586.11000000,0.00013000,12.68619430,2025-02-15 23:28:22.408,True,True
4561956155,97586.11000000,0.00006000,5.85516660,2025-02-15 23:28:22.415,True,True
4561956156,97586.11000000,0.00006000,5.85516660,2025-02-15 23:28:22.415,True,True
4561956157,97586.11000000,0.00001000,0.97586110,2025-02-15 23:28:22.415,True,True
4561956158,97586.11000000,0.00005000,4.87930550,2025-02-15 23:28:22.443,True,True
4561956159,97586.11000000,0.00006000,5.85516660,2025-02-15 23:28:22.443,True,True
4561956160,97586.11000000,0.00002000,1.95172220,2025-02-15 23:28:22.443,True,True
4561956161,97586.11000000,0.00004000,3.90344440,2025-02-15 23:28:22.443,True,True
4561956162,97586.11000000,0.00006000,5.85516660,2025-02-15 23:28:22.443,True,True
4561956163,97586.11000000,0.00003000,2.92758330,2025-02-15 23:28:22.443,True,True
4561956164,97586.11000000,0.00003000,2.92758330,2025-02-15 23:28:22.456,True,True
4561956165,97586.11000000,0.00010000,9.75861100,2025-02-15 23:28:22.456,True,True
4561956166,97586.11000000,0.00013000,12.68619430,2025-02-15 23:28:22.484,True,True
4561956167,97586.11000000,0.00013000,12.68619430,2025-02-15 23:28:22.485,True,True
4561956168,97586.11000000,0.00013000,12.68619430,2025-02-15 23:28:22.496,True,True
4561956169,97586.11000000,0.00013000,12.68619430,2025-02-15 23:28:22.520,True,True
4561956170,97586.11000000,0.00013000,12.68619430,2025-02-15 23:28:22.528,True,True
4561956171,97586.11000000,0.00013000,12.68619430,2025-02-15 23:28:22.541,True,True
4561956172,97586.11000000,0.00013000,12.68619430,2025-02-15 23:28:22.556,True,True
4561956173,97586.11000000,0.00013000,12.68619430,2025-02-15 23:28:22.561,True,True
4561956174,97586.11000000,0.00013000,12.68619430,2025-02-15 23:28:22.578,True,True
4561956175,97586.11000000,0.00013000,12.68619430,2025-02-15 23:28:22.594,True,True
4561956176,97586.11000000,0.00013000,12.68619430,2025-02-15 23:28:22.597,True,True
4561956177,97586.11000000,0.00013000,12.68619430,2025-02-15 23:28:22.612,True,True
4561956178,97586.11000000,0.00013000,12.68619430,2025-02-15 23:28:22.629,True,True
4561956179,97586.11000000,0.00013000,12.68619430,2025-02-15 23:28:22.629,True,True
4561956180,97586.11000000,0.00013000,12.68619430,2025-02-15 23:28:22.650,True,True
4561956181,97586.11000000,0.00013000,12.68619430,2025-02-15 23:28:22.667,True,True
4561956182,97586.11000000,0.00013000,12.68619430,2025-02-15 23:28:22.673,True,True
4561956183,97586.11000000,0.00013000,12.68619430,2025-02-15 23:28:22.695,True,True
4561956184,97586.11000000,0.00013000,12.68619430,2025-02-15 23:28:22.707,True,True
4561956185,97586.11000000,0.00013000,12.68619430,2025-02-15 23:28:22.743,True,True
4561956186,97586.11000000,0.00013000,12.68619430,2025-02-15 23:28:22.747,True,True
4561956187,97586.11000000,0.00013000,12.68619430,2025-02-15 23:28:22.747,True,True
4561956188,97586.11000000,0.00013000,12.68619430,2025-02-15 23:28:22.779,True,True
4561956189,97586.11000000,0.00013000,12.68619430,2025-02-15 23:28:22.781,True,True
4561956190,97586.11000000,0.00013000,12.68619430,2025-02-15 23:28:22.791,True,True
4561956191,97586.11000000,0.00013000,12.68619430,2025-02-15 23:28:22.815,True,True
4561956192,97586.11000000,0.00013000,12.68619430,2025-02-15 23:28:22.829,True,True
4561956193,97586.11000000,0.00013000,12.68619430,2025-02-15 23:28:22.830,True,True
4561956194,97586.11000000,0.00013000,12.68619430,2025-02-15 23:28:22.850,True,True
4561956195,97586.11000000,0.00013000,12.68619430,2025-02-15 23:28:22.865,True,True
4561956196,97586.11000000,0.00013000,12.68619430,2025-02-15 23:28:22.882,True,True
4561956197,97586.11000000,0.00013000,12.68619430,2025-02-15 23:28:22.884,True,True
4561956198,97586.11000000,0.00013000,12.68619430,2025-02-15 23:28:22.916,True,True
4561956199,97586.11000000,0.00013000,12.68619430,2025-02-15 23:28:22.919,True,True
4561956200,97586.11000000,0.00013000,12.68619430,2025-02-15 23:28:22.920,True,True
4561956201,97586.11000000,0.00013000,12.68619430,2025-02-15 23:28:22.950,True,True
4561956202,97586.11000000,0.00013000,12.68619430,2025-02-15 23:28:22.954,True,True
4561956203,97586.11000000,0.00013000,12.68619430,2025-02-15 23:28:22.962,True,True
4561956204,97586.11000000,0.00024000,23.42066640,2025-02-15 23:28:22.969,True,True
4561956205,97586.11000000,0.00013000,12.68619430,2025-02-15 23:28:22.987,True,True
4561956206,97586.11000000,0.00013000,12.68619430,2025-02-15 23:28:22.989,True,True
4561956207,97586.11000000,0.00013000,12.68619430,2025-02-15 23:28:22.997,True,True
4561956208,97586.11000000,0.00013000,12.68619430,2025-02-15 23:28:23.018,True,True
4561956209,97586.11000000,0.00013000,12.68619430,2025-02-15 23:28:23.026,True,True
4561956210,97586.11000000,0.00013000,12.68619430,2025-02-15 23:28:23.053,True,True
4561956211,97586.11000000,0.00013000,12.68619430,2025-02-15 23:28:23.060,True,True
4561956212,97586.11000000,0.00013000,12.68619430,2025-02-15 23:28:23.060,True,True
4561956213,97586.11000000,0.00013000,12.68619430,2025-02-15 23:28:23.092,True,True
4561956214,97586.11000000,0.00013000,12.68619430,2025-02-15 23:28:23.095,True,True
4561956215,97586.11000000,0.00013000,12.68619430,2025-02-15 23:28:23.098,True,True
4561956216,97586.11000000,0.00013000,12.68619430,2025-02-15 23:28:23.132,True,True
4561956217,97586.11000000,0.00013000,12.68619430,2025-02-15 23:28:23.143,True,True
4561956218,97586.11000000,0.00013000,12.68619430,2025-02-15 23:28:23.165,True,True
4561956219,97586.11000000,0.00013000,12.68619430,2025-02-15 23:28:23.179,True,True
4561956220,97586.11000000,0.00013000,12.68619430,2025-02-15 23:28:23.182,True,True
4561956221,97586.11000000,0.00013000,12.68619430,2025-02-15 23:28:23.206,True,True
4561956222,97586.11000000,0.00013000,12.68619430,2025-02-15 23:28:23.213,True,True
4561956223,97586.11000000,0.00013000,12.68619430,2025-02-15 23:28:23.231,True,True
4561956224,97586.11000000,0.00013000,12.68619430,2025-02-15 23:28:23.239,True,True
4561956225,97586.11000000,0.00013000,12.68619430,2025-02-15 23:28:23.250,True,True
4561956226,97586.11000000,0.00013000,12.68619430,2025-02-15 23:28:23.265,True,True
4561956227,97586.11000000,0.00013000,12.68619430,2025-02-15 23:28:23.275,True,True
4561956228,97586.11000000,0.00013000,12.68619430,2025-02-15 23:28:23.284,True,True
4561956229,97586.11000000,0.00013000,12.68619430,2025-02-15 23:28:23.310,True,True
4561956230,97586.11000000,0.00013000,12.68619430,2025-02-15 23:28:23.319,True,True
4561956231,97586.11000000,0.00013000,12.68619430,2025-02-15 23:28:23.337,True,True
4561956232,97586.11000000,0.00013000,12.68619430,2025-02-15 23:28:23.345,True,True
4561956233,97586.11000000,0.00013000,12.68619430,2025-02-15 23:28:23.360,True,True
4561956234,97586.11000000,0.00013000,12.68619430,2025-02-15 23:28:23.376,True,True
4561956235,97586.11000000,0.00013000,12.68619430,2025-02-15 23:28:23.382,True,True
4561956236,97586.11000000,0.00013000,12.68619430,2025-02-15 23:28:23.401,True,True
4561956237,97586.11000000,0.00013000,12.68619430,2025-02-15 23:28:23.417,True,True
4561956238,97586.11000000,0.00013000,12.68619430,2025-02-15 23:28:23.418,True,True
4561956239,97586.11000000,0.00013000,12.68619430,2025-02-15 23:28:23.440,True,True
4561956240,97586.11000000,0.00013000,12.68619430,2025-02-15 23:28:23.452,True,True
4561956241,97586.11000000,0.00013000,12.68619430,2025-02-15 23:28:23.466,True,True
4561956242,97586.11000000,0.00013000,12.68619430,2025-02-15 23:28:23.476,True,True
4561956243,97586.11000000,0.00013000,12.68619430,2025-02-15 23:28:23.494,True,True
4561956244,97586.11000000,0.00013000,12.68619430,2025-02-15 23:28:23.498,True,True
4561956245,97586.11000000,0.00013000,12.68619430,2025-02-15 23:28:23.517,True,True
4561956246,97586.11000000,0.00013000,12.68619430,2025-02-15 23:28:23.530,True,True
4561956247,97586.11000000,0.00013000,12.68619430,2025-02-15 23:28:23.533,True,True
4561956248,97586.11000000,0.00013000,12.68619430,2025-02-15 23:28:23.551,True,True
4561956249,97586.11000000,0.00013000,12.68619430,2025-02-15 23:28:23.562,True,True
4561956250,97586.11000000,0.00013000,12.68619430,2025-02-15 23:28:23.570,True,True
4561956251,97586.11000000,0.00013000,12.68619430,2025-02-15 23:28:23.594,True,True
4561956252,97586.11000000,0.00013000,12.68619430,2025-02-15 23:28:23.612,True,True
4561956253,97586.11000000,0.00013000,12.68619430,2025-02-15 23:28:23.614,True,True
4561956254,97586.11000000,0.00013000,12.68619430,2025-02-15 23:28:23.633,True,True
4561956255,97586.11000000,0.00013000,12.68619430,2025-02-15 23:28:23.648,True,True
4561956256,97586.11000000,0.00013000,12.68619430,2025-02-15 23:28:23.649,True,True
4561956257,97586.11000000,0.00013000,12.68619430,2025-02-15 23:28:23.669,True,True
4561956258,97586.11000000,0.00013000,12.68619430,2025-02-15 23:28:23.682,True,True
4561956259,97586.11000000,0.00013000,12.68619430,2025-02-15 23:28:23.683,True,True
4561956260,97586.11000000,0.00013000,12.68619430,2025-02-15 23:28:23.710,True,True
4561956261,97586.11000000,0.00013000,12.68619430,2025-02-15 23:28:23.718,True,True
4561956262,97586.11000000,0.00013000,12.68619430,2025-02-15 23:28:23.720,True,True
4561956263,97586.11000000,0.00013000,12.68619430,2025-02-15 23:28:23.748,True,True
4561956264,97586.11000000,0.00013000,12.68619430,2025-02-15 23:28:23.753,True,True
4561956265,97586.11000000,0.00013000,12.68619430,2025-02-15 23:28:23.754,True,True
4561956266,97586.11000000,0.00013000,12.68619430,2025-02-15 23:28:23.785,True,True
4561956267,97586.11000000,0.00013000,12.68619430,2025-02-15 23:28:23.787,True,True
4561956268,97586.11000000,0.00013000,12.68619430,2025-02-15 23:28:23.788,True,True
4561956269,97586.11000000,0.00013000,12.68619430,2025-02-15 23:28:23.820,True,True
4561956270,97586.11000000,0.00013000,12.68619430,2025-02-15 23:28:23.823,True,True
4561956271,97586.11000000,0.00013000,12.68619430,2025-02-15 23:28:23.828,True,True
4561956272,97586.11000000,0.00013000,12.68619430,2025-02-15 23:28:23.856,True,True
4561956273,97586.11000000,0.00013000,12.68619430,2025-02-15 23:28:23.859,True,True
4561956274,97586.11000000,0.00013000,12.68619430,2025-02-15 23:28:23.869,True,True
4561956275,97586.11000000,0.00013000,12.68619430,2025-02-15 23:28:23.895,True,True
4561956276,97586.11000000,0.00013000,12.68619430,2025-02-15 23:28:23.897,True,True
4561956277,97586.11000000,0.00013000,12.68619430,2025-02-15 23:28:23.908,True,True
4561956278,97586.11000000,0.00013000,12.68619430,2025-02-15 23:28:23.929,True,True
4561956279,97586.11000000,0.00013000,12.68619430,2025-02-15 23:28:23.938,True,True
4561956280,97586.11000000,0.00013000,12.68619430,2025-02-15 23:28:23.940,True,True
4561956281,97586.11000000,0.00013000,12.68619430,2025-02-15 23:28:23.963,True,True
4561956282,97586.11000000,0.00013000,12.68619430,2025-02-15 23:28:23.972,True,True
4561956283,97586.11000000,0.00013000,12.68619430,2025-02-15 23:28:23.983,True,True
4561956284,97586.11000000,0.00013000,12.68619430,2025-02-15 23:28:23.998,True,True
4561956285,97586.11000000,0.00013000,12.68619430,2025-02-15 23:28:24.008,True,True
4561956286,97586.11000000,0.00013000,12.68619430,2025-02-15 23:28:24.032,True,True
4561956287,97586.11000000,0.00013000,12.68619430,2025-02-15 23:28:24.041,True,True
4561956288,97586.11000000,0.00013000,12.68619430,2025-02-15 23:28:24.042,True,True
4561956289,97586.11000000,0.00013000,12.68619430,2025-02-15 23:28:24.071,True,True
4561956290,97586.11000000,0.00013000,12.68619430,2025-02-15 23:28:24.076,True,True
4561956291,97586.11000000,0.00013000,12.68619430,2025-02-15 23:28:24.079,True,True
4561956292,97586.11000000,0.00013000,12.68619430,2025-02-15 23:28:24.102,True,True
4561956293,97586.11000000,0.00013000,12.68619430,2025-02-15 23:28:24.108,True,True
4561956294,97586.11000000,0.00012000,11.71033320,2025-02-15 23:28:24.108,True,True
4561956295,97586.11000000,0.00013000,12.68619430,2025-02-15 23:28:24.114,True,True
4561956296,97586.11000000,0.00013000,12.68619430,2025-02-15 23:28:24.139,True,True
4561956297,97586.11000000,0.00011000,10.73447210,2025-02-15 23:28:24.141,True,True
4561956298,97586.11000000,0.00013000,12.68619430,2025-02-15 23:28:24.154,True,True
4561956299,97586.11000000,0.00013000,12.68619430,2025-02-15 23:28:24.175,True,True
4561956300,97586.11000000,0.00013000,12.68619430,2025-02-15 23:28:24.177,True,True
4561956301,97586.11000000,0.00013000,12.68619430,2025-02-15 23:28:24.191,True,True
4561956302,97586.11000000,0.00013000,12.68619430,2025-02-15 23:28:24.216,True,True
4561956303,97586.11000000,0.00013000,12.68619430,2025-02-15 23:28:24.217,True,True
4561956304,97586.11000000,0.00013000,12.68619430,2025-02-15 23:28:24.228,True,True
4561956305,97586.11000000,0.00013000,12.68619430,2025-02-15 23:28:24.249,True,True
4561956306,97586.11000000,0.00013000,12.68619430,2025-02-15 23:28:24.251,True,True
4561956307,97586.11000000,0.00013000,12.68619430,2025-02-15 23:28:24.264,True,True
4561956308,97586.11000000,0.00013000,12.68619430,2025-02-15 23:28:24.294,True,True
4561956309,97586.11000000,0.00013000,12.68619430,2025-02-15 23:28:24.302,True,True
4561956310,97586.11000000,0.00013000,12.68619430,2025-02-15 23:28:24.307,True,True
4561956311,97586.11000000,0.00013000,12.68619430,2025-02-15 23:28:24.333,True,True
4561956312,97586.11000000,0.00013000,12.68619430,2025-02-15 23:28:24.340,True,True
4561956313,97586.11000000,0.00013000,12.68619430,2025-02-15 23:28:24.343,True,True
4561956314,97586.11000000,0.00013000,12.68619430,2025-02-15 23:28:24.367,True,True
4561956315,97586.11000000,0.00013000,12.68619430,2025-02-15 23:28:24.381,True,True
4561956316,97586.11000000,0.00013000,12.68619430,2025-02-15 23:28:24.382,True,True
4561956317,97586.11000000,0.00013000,12.68619430,2025-02-15 23:28:24.402,True,True
4561956318,97586.11000000,0.00013000,12.68619430,2025-02-15 23:28:24.420,True,True
4561956319,97586.11000000,0.00013000,12.68619430,2025-02-15 23:28:24.422,True,True
4561956320,97586.11000000,0.00013000,12.68619430,2025-02-15 23:28:24.435,True,True
4561956321,97586.11000000,0.00013000,12.68619430,2025-02-15 23:28:24.455,True,True
4561956322,97586.11000000,0.00013000,12.68619430,2025-02-15 23:28:24.460,True,True
4561956323,97586.11000000,0.00013000,12.68619430,2025-02-15 23:28:24.468,True,True
4561956324,97586.11000000,0.00013000,12.68619430,2025-02-15 23:28:24.494,True,True
4561956325,97586.11000000,0.00013000,12.68619430,2025-02-15 23:28:24.505,True,True
4561956326,97586.11000000,0.00013000,12.68619430,2025-02-15 23:28:24.509,True,True
4561956327,97586.11000000,0.00013000,12.68619430,2025-02-15 23:28:24.529,True,True
4561956328,97586.11000000,0.00013000,12.68619430,2025-02-15 23:28:24.539,True,True
4561956329,97586.11000000,0.00013000,12.68619430,2025-02-15 23:28:24.546,True,True
4561956330,97586.11000000,0.00013000,12.68619430,2025-02-15 23:28:24.560,True,True
4561956331,97586.11000000,0.00013000,12.68619430,2025-02-15 23:28:24.582,True,True
4561956332,97586.11000000,0.00013000,12.68619430,2025-02-15 23:28:24.585,True,True
4561956333,97586.11000000,0.00013000,12.68619430,2025-02-15 23:28:24.615,True,True
4561956334,97586.11000000,0.00013000,12.68619430,2025-02-15 23:28:24.617,True,True
4561956335,97586.11000000,0.00013000,12.68619430,2025-02-15 23:28:24.619,True,True
4561956336,97586.11000000,0.00013000,12.68619430,2025-02-15 23:28:24.648,True,True
4561956337,97586.11000000,0.00013000,12.68619430,2025-02-15 23:28:24.654,True,True
4561956338,97586.11000000,0.00013000,12.68619430,2025-02-15 23:28:24.656,True,True
4561956339,97586.11000000,0.00187000,182.48602570,2025-02-15 23:28:24.684,True,True
4561956340,97586.11000000,0.00013000,12.68619430,2025-02-15 23:28:24.688,True,True
4561956341,97586.11000000,0.00013000,12.68619430,2025-02-15 23:28:24.696,True,True
4561956342,97586.11000000,0.00013000,12.68619430,2025-02-15 23:28:24.701,True,True
4561956343,97586.11000000,0.00013000,12.68619430,2025-02-15 23:28:24.723,True,True
4561956344,97586.11000000,0.00013000,12.68619430,2025-02-15 23:28:24.731,True,True
4561956345,97586.11000000,0.00013000,12.68619430,2025-02-15 23:28:24.733,True,True
4561956346,97586.11000000,0.00013000,12.68619430,2025-02-15 23:28:24.759,True,True
4561956347,97586.11000000,0.00013000,12.68619430,2025-02-15 23:28:24.771,True,True
4561956348,97586.11000000,0.00013000,12.68619430,2025-02-15 23:28:24.782,True,True
4561956349,97586.11000000,0.00013000,12.68619430,2025-02-15 23:28:24.792,True,True
4561956350,97586.11000000,0.00013000,12.68619430,2025-02-15 23:28:24.817,True,True
4561956351,97586.11000000,0.00013000,12.68619430,2025-02-15 23:28:24.823,True,True
4561956352,97586.11000000,0.00013000,12.68619430,2025-02-15 23:28:24.829,True,True
4561956353,97586.12000000,0.00028000,27.32411360,2025-02-15 23:28:24.855,False,True
4561956354,97586.11000000,0.00013000,12.68619430,2025-02-15 23:28:24.856,True,True
4561956355,97586.11000000,0.00013000,12.68619430,2025-02-15 23:28:24.862,True,True
4561956356,97586.11000000,0.00013000,12.68619430,2025-02-15 23:28:24.868,True,True
4561956357,97586.11000000,0.00013000,12.68619430,2025-02-15 23:28:24.893,True,True
4561956358,97586.11000000,0.00013000,12.68619430,2025-02-15 23:28:24.899,True,True
4561956359,97586.11000000,0.00013000,12.68619430,2025-02-15 23:28:24.900,True,True
4561956360,97586.11000000,0.00013000,12.68619430,2025-02-15 23:28:24.930,True,True
4561956361,97586.11000000,0.00013000,12.68619430,2025-02-15 23:28:24.931,True,True
4561956362,97586.11000000,0.00013000,12.68619430,2025-02-15 23:28:24.944,True,True
4561956363,97586.11000000,0.00013000,12.68619430,2025-02-15 23:28:24.967,True,True
4561956364,97586.11000000,0.00013000,12.68619430,2025-02-15 23:28:24.969,True,True
4561956365,97586.11000000,0.00013000,12.68619430,2025-02-15 23:28:24.979,True,True
4561956366,97586.11000000,0.00013000,12.68619430,2025-02-15 23:28:25.004,True,True
4561956367,97586.11000000,0.00013000,12.68619430,2025-02-15 23:28:25.009,True,True
4561956368,97586.11000000,0.00013000,12.68619430,2025-02-15 23:28:25.015,True,True
4561956369,97586.11000000,0.00013000,12.68619430,2025-02-15 23:28:25.038,True,True
4561956370,97586.11000000,0.00013000,12.68619430,2025-02-15 23:28:25.049,True,True
4561956371,97586.11000000,0.00013000,12.68619430,2025-02-15 23:28:25.061,True,True
4561956372,97586.11000000,0.00013000,12.68619430,2025-02-15 23:28:25.070,True,True
4561956373,97586.11000000,0.00013000,12.68619430,2025-02-15 23:28:25.088,True,True
4561956374,97586.11000000,0.00013000,12.68619430,2025-02-15 23:28:25.094,True,True
4561956375,97586.11000000,0.00013000,12.68619430,2025-02-15 23:28:25.111,True,True
4561956376,97586.11000000,0.00013000,12.68619430,2025-02-15 23:28:25.129,True,True
4561956377,97586.11000000,0.00013000,12.68619430,2025-02-15 23:28:25.129,True,True
4561956378,97586.11000000,0.00013000,12.68619430,2025-02-15 23:28:25.155,True,True
4561956379,97586.11000000,0.00013000,12.68619430,2025-02-15 23:28:25.172,True,True
4561956380,97586.11000000,0.00013000,12.68619430,2025-02-15 23:28:25.173,True,True
4561956381,97586.11000000,0.00013000,12.68619430,2025-02-15 23:28:25.197,True,True
4561956382,97586.11000000,0.00013000,12.68619430,2025-02-15 23:28:25.215,True,True
4561956383,97586.11000000,0.00013000,12.68619430,2025-02-15 23:28:25.217,True,True
4561956384,97586.11000000,0.00013000,12.68619430,2025-02-15 23:28:25.232,True,True
4561956385,97586.11000000,0.00013000,12.68619430,2025-02-15 23:28:25.252,True,True
4561956386,97586.11000000,0.00013000,12.68619430,2025-02-15 23:28:25.254,True,True
4561956387,97586.11000000,0.00013000,12.68619430,2025-02-15 23:28:25.272,True,True
4561956388,97586.11000000,0.00013000,12.68619430,2025-02-15 23:28:25.286,True,True
4561956389,97586.11000000,0.00013000,12.68619430,2025-02-15 23:28:25.290,True,True
4561956390,97586.11000000,0.00013000,12.68619430,2025-02-15 23:28:25.306,True,True
4561956391,97586.11000000,0.00013000,12.68619430,2025-02-15 23:28:25.325,True,True
4561956392,97586.11000000,0.00013000,12.68619430,2025-02-15 23:28:25.343,True,True
4561956393,97586.11000000,0.00013000,12.68619430,2025-02-15 23:28:25.349,True,True
4561956394,97586.11000000,0.00013000,12.68619430,2025-02-15 23:28:25.371,True,True
4561956395,97586.11000000,0.00013000,12.68619430,2025-02-15 23:28:25.376,True,True
4561956396,97586.11000000,0.00013000,12.68619430,2025-02-15 23:28:25.384,True,True
4561956397,97586.11000000,0.00013000,12.68619430,2025-02-15 23:28:25.406,True,True
4561956398,97586.11000000,0.00013000,12.68619430,2025-02-15 23:28:25.414,True,True
4561956399,97586.11000000,0.00013000,12.68619430,2025-02-15 23:28:25.427,True,True
4561956400,97586.11000000,0.00013000,12.68619430,2025-02-15 23:28:25.444,True,True
4561956401,97586.11000000,0.00013000,12.68619430,2025-02-15 23:28:25.458,True,True
4561956402,97586.11000000,0.00013000,12.68619430,2025-02-15 23:28:25.460,True,True
4561956403,97586.11000000,0.00013000,12.68619430,2025-02-15 23:28:25.488,True,True
4561956404,97586.11000000,0.00013000,12.68619430,2025-02-15 23:28:25.498,True,True
4561956405,97586.11000000,0.00013000,12.68619430,2025-02-15 23:28:25.521,True,True
4561956406,97586.11000000,0.00013000,12.68619430,2025-02-15 23:28:25.522,True,True
4561956407,97586.11000000,0.00013000,12.68619430,2025-02-15 23:28:25.535,True,True
4561956408,97586.11000000,0.00013000,12.68619430,2025-02-15 23:28:25.561,True,True
4561956409,97586.11000000,0.00013000,12.68619430,2025-02-15 23:28:25.561,True,True
4561956410,97586.11000000,0.00013000,12.68619430,2025-02-15 23:28:25.569,True,True
4561956411,97586.11000000,0.00013000,12.68619430,2025-02-15 23:28:25.595,True,True
4561956412,97586.11000000,0.00013000,12.68619430,2025-02-15 23:28:25.595,True,True
4561956413,97586.11000000,0.00013000,12.68619430,2025-02-15 23:28:25.605,True,True
4561956414,97586.11000000,0.00013000,12.68619430,2025-02-15 23:28:25.628,True,True
4561956415,97586.11000000,0.00013000,12.68619430,2025-02-15 23:28:25.632,True,True
4561956416,97586.11000000,0.00013000,12.68619430,2025-02-15 23:28:25.648,True,True
4561956417,97586.11000000,0.00549000,535.74774390,2025-02-15 23:28:25.667,True,True
4561956418,97586.11000000,0.00013000,12.68619430,2025-02-15 23:28:25.668,True,True
4561956419,97586.11000000,0.00006000,5.85516660,2025-02-15 23:28:25.686,True,True
4561956420,97586.11000000,0.00006000,5.85516660,2025-02-15 23:28:25.686,True,True
4561956421,97586.11000000,0.00001000,0.97586110,2025-02-15 23:28:25.686,True,True
4561956422,97586.11000000,0.00005000,4.87930550,2025-02-15 23:28:25.689,True,True
4561956423,97586.11000000,0.00006000,5.85516660,2025-02-15 23:28:25.689,True,True
4561956424,97586.11000000,0.00002000,1.95172220,2025-02-15 23:28:25.689,True,True
4561956425,97586.11000000,0.00103000,100.51369330,2025-02-15 23:28:25.706,True,True
4561956426,97586.11000000,0.00486000,474.26849460,2025-02-15 23:28:25.710,True,True
4561956427,97586.11000000,0.00013000,12.68619430,2025-02-15 23:28:25.803,True,True
4561956428,97586.11000000,0.00013000,12.68619430,2025-02-15 23:28:25.828,True,True
4561956429,97586.11000000,0.00013000,12.68619430,2025-02-15 23:28:25.836,True,True
4561956430,97586.11000000,0.00013000,12.68619430,2025-02-15 23:28:25.856,True,True
4561956431,97586.11000000,0.00013000,12.68619430,2025-02-15 23:28:25.866,True,True
4561956432,97586.11000000,0.00013000,12.68619430,2025-02-15 23:28:25.870,True,True
4561956433,97586.11000000,0.00013000,12.68619430,2025-02-15 23:28:25.898,True,True
4561956434,97586.11000000,0.00013000,12.68619430,2025-02-15 23:28:25.900,True,True
4561956435,97586.11000000,0.00013000,12.68619430,2025-02-15 23:28:25.904,True,True
4561956436,97586.11000000,0.00012000,11.71033320,2025-02-15 23:28:26.191,True,True
4561956437,97586.12000000,0.00079000,77.09303480,2025-02-15 23:28:26.495,False,True
4561956438,97586.12000000,0.00053000,51.72064360,2025-02-15 23:28:26.495,False,True
4561956439,97586.12000000,0.00738000,720.18556560,2025-02-15 23:28:26.519,False,True
4561956440,97586.12000000,0.00078000,76.11717360,2025-02-15 23:28:26.561,False,True
4561956441,97586.12000000,0.00053000,51.72064360,2025-02-15 23:28:26.584,False,True
4561956442,97586.12000000,0.00093000,90.75509160,2025-02-15 23:28:26.591,False,True
4561956443,97586.12000000,0.00106000,103.44128720,2025-02-15 23:28:26.597,False,True
4561956444,97586.12000000,0.00066000,64.40683920,2025-02-15 23:28:26.610,False,True
4561956445,97586.11000000,0.00014000,13.66205540,2025-02-15 23:28:26.627,True,True
4561956446,97586.12000000,0.00552000,538.67538240,2025-02-15 23:28:26.633,False,True
4561956447,97586.12000000,0.00093000,90.75509160,2025-02-15 23:28:26.636,False,True
4561956448,97586.12000000,0.00106000,103.44128720,2025-02-15 23:28:26.654,False,True
4561956449,97586.12000000,0.00053000,51.72064360,2025-02-15 23:28:26.656,False,True
4561956450,97586.11000000,0.00013000,12.68619430,2025-02-15 23:28:27.074,True,True
4561956451,97586.11000000,0.00010000,9.75861100,2025-02-15 23:28:27.120,True,True
4561956452,97586.11000000,0.00003000,2.92758330,2025-02-15 23:28:27.120,True,True
4561956453,97586.11000000,0.00013000,12.68619430,2025-02-15 23:28:27.164,True,True
4561956454,97586.11000000,0.00013000,12.68619430,2025-02-15 23:28:27.204,True,True
4561956455,97586.11000000,0.00013000,12.68619430,2025-02-15 23:28:27.255,True,True
4561956456,97586.12000000,0.00041000,40.01030920,2025-02-15 23:28:27.372,False,True
4561956457,97586.11000000,0.00013000,12.68619430,2025-02-15 23:28:27.482,True,True
4561956458,97586.11000000,0.00013000,12.68619430,2025-02-15 23:28:27.524,True,True
4561956459,97586.11000000,0.00013000,12.68619430,2025-02-15 23:28:27.559,True,True
4561956460,97586.11000000,0.00013000,12.68619430,2025-02-15 23:28:27.591,True,True
4561956461,97586.11000000,0.00013000,12.68619430,2025-02-15 23:28:27.632,True,True
4561956462,97586.12000000,0.00100000,97.58612000,2025-02-15 23:28:27.691,False,True
4561956463,97586.11000000,0.00072000,70.26199920,2025-02-15 23:28:27.712,True,True
4561956464,97586.11000000,0.00013000,12.68619430,2025-02-15 23:28:27.877,True,True
4561956465,97586.11000000,0.00096000,93.68266560,2025-02-15 23:28:27.907,True,True
4561956466,97586.11000000,0.00013000,12.68619430,2025-02-15 23:28:27.928,True,True
4561956467,97586.11000000,0.00124000,121.00677640,2025-02-15 23:28:27.932,True,True
4561956468,97586.11000000,0.00013000,12.68619430,2025-02-15 23:28:27.963,True,True
4561956469,97586.11000000,0.00013000,12.68619430,2025-02-15 23:28:27.994,True,True
4561956470,97586.12000000,0.00204000,199.07568480,2025-02-15 23:28:28.197,False,True
4561956471,97586.11000000,0.00013000,12.68619430,2025-02-15 23:28:28.383,True,True
4561956472,97586.12000000,0.00010000,9.75861200,2025-02-15 23:28:28.416,False,True
4561956473,97586.11000000,0.00013000,12.68619430,2025-02-15 23:28:28.419,True,True
4561956474,97586.11000000,0.00013000,12.68619430,2025-02-15 23:28:28.461,True,True
4561956475,97586.11000000,0.00013000,12.68619430,2025-02-15 23:28:28.497,True,True
4561956476,97586.11000000,0.00117000,114.17574870,2025-02-15 23:28:29.089,True,True
4561956477,97586.11000000,0.00012000,11.71033320,2025-02-15 23:28:29.093,True,True
4561956478,97586.12000000,0.00032000,31.22755840,2025-02-15 23:28:29.768,False,True
4561956479,97586.11000000,0.00011000,10.73447210,2025-02-15 23:28:29.774,True,True
4561956480,97586.11000000,0.00011000,10.73447210,2025-02-15 23:28:29.819,True,True
4561956481,97586.11000000,0.00011000,10.73447210,2025-02-15 23:28:29.869,True,True
4561956482,97586.11000000,0.00011000,10.73447210,2025-02-15 23:28:29.904,True,True
4561956483,97586.12000000,0.00016000,15.61377920,2025-02-15 23:28:29.924,False,True
4561956484,97586.12000000,0.00017000,16.58964040,2025-02-15 23:28:29.960,False,True
4561956485,97586.11000000,0.00012000,11.71033320,2025-02-15 23:28:31.969,True,True
4561956486,97586.11000000,0.00011000,10.73447210,2025-02-15 23:28:32.018,True,True
4561956487,97586.12000000,0.00022000,21.46894640,2025-02-15 23:28:32.648,False,True
4561956488,97586.12000000,0.00700000,683.10284000,2025-02-15 23:28:33.098,False,True
4561956489,97586.12000000,0.00300000,292.75836000,2025-02-15 23:28:33.103,False,True
4561955494,97594.05000000,0.00013000,12.68722650,2025-02-15 23:28:13.759,True,True
4561955495,97594.05000000,0.00013000,12.68722650,2025-02-15 23:28:13.776,True,True
4561955496,97594.05000000,0.00013000,12.68722650,2025-02-15 23:28:13.792,True,True
4561955497,97594.05000000,0.00013000,12.68722650,2025-02-15 23:28:13.794,True,True
4561955498,97594.05000000,0.00013000,12.68722650,2025-02-15 23:28:13.813,True,True
4561955499,97594.05000000,0.00013000,12.68722650,2025-02-15 23:28:13.833,True,True
4561955500,97594.05000000,0.00013000,12.68722650,2025-02-15 23:28:13.837,True,True
4561955501,97594.05000000,0.00013000,12.68722650,2025-02-15 23:28:13.850,True,True
4561955502,97594.05000000,0.00013000,12.68722650,2025-02-15 23:28:13.874,True,True
4561955503,97594.05000000,0.00013000,12.68722650,2025-02-15 23:28:13.878,True,True
4561955504,97594.05000000,0.00013000,12.68722650,2025-02-15 23:28:13.896,True,True
4561955505,97594.05000000,0.00013000,12.68722650,2025-02-15 23:28:13.913,True,True
4561955506,97594.05000000,0.00013000,12.68722650,2025-02-15 23:28:13.915,True,True
4561955507,97594.05000000,0.00013000,12.68722650,2025-02-15 23:28:13.938,True,True
4561955508,97594.05000000,0.00013000,12.68722650,2025-02-15 23:28:13.947,True,True
4561955509,97594.05000000,0.00013000,12.68722650,2025-02-15 23:28:13.955,True,True
4561955510,97594.05000000,0.00013000,12.68722650,2025-02-15 23:28:13.973,True,True
4561955511,97594.05000000,0.00013000,12.68722650,2025-02-15 23:28:13.980,True,True
4561955512,97594.05000000,0.00013000,12.68722650,2025-02-15 23:28:13.989,True,True
4561955513,97594.05000000,0.00013000,12.68722650,2025-02-15 23:28:14.011,True,True
4561955514,97594.05000000,0.00013000,12.68722650,2025-02-15 23:28:14.013,True,True
4561955515,97594.05000000,0.00013000,12.68722650,2025-02-15 23:28:14.020,True,True
4561955516,97594.05000000,0.00013000,12.68722650,2025-02-15 23:28:14.048,True,True
4561955517,97594.05000000,0.00013000,12.68722650,2025-02-15 23:28:14.052,True,True
4561955518,97594.05000000,0.00013000,12.68722650,2025-02-15 23:28:14.056,True,True
4561955519,97594.05000000,0.00013000,12.68722650,2025-02-15 23:28:14.083,True,True
4561955520,97594.05000000,0.00013000,12.68722650,2025-02-15 23:28:14.086,True,True
4561955521,97594.05000000,0.00013000,12.68722650,2025-02-15 23:28:14.099,True,True
4561955522,97594.05000000,0.00013000,12.68722650,2025-02-15 23:28:14.123,True,True
4561955523,97594.05000000,0.00013000,12.68722650,2025-02-15 23:28:14.130,True,True
4561955524,97594.05000000,0.00013000,12.68722650,2025-02-15 23:28:14.142,True,True
4561955525,97594.05000000,0.00013000,12.68722650,2025-02-15 23:28:14.182,True,True
4561955526,97594.05000000,0.00013000,12.68722650,2025-02-15 23:28:14.185,True,True
4561955527,97594.05000000,0.00013000,12.68722650,2025-02-15 23:28:14.188,True,True
4561955528,97594.05000000,0.00013000,12.68722650,2025-02-15 23:28:14.220,True,True
4561955529,97594.05000000,0.00013000,12.68722650,2025-02-15 23:28:14.223,True,True
4561955530,97594.05000000,0.00013000,12.68722650,2025-02-15 23:28:14.229,True,True
4561955531,97594.05000000,0.00013000,12.68722650,2025-02-15 23:28:14.258,True,True
4561955532,97594.05000000,0.00013000,12.68722650,2025-02-15 23:28:14.260,True,True
4561955533,97594.05000000,0.00103000,100.52187150,2025-02-15 23:28:14.263,True,True
4561955534,97594.05000000,0.00013000,12.68722650,2025-02-15 23:28:14.290,True,True
4561955535,97594.05000000,0.00013000,12.68722650,2025-02-15 23:28:14.291,True,True
4561955536,97594.05000000,0.00013000,12.68722650,2025-02-15 23:28:14.297,True,True
4561955537,97594.05000000,0.00013000,12.68722650,2025-02-15 23:28:14.326,True,True
4561955538,97594.05000000,0.00013000,12.68722650,2025-02-15 23:28:14.330,True,True
4561955539,97594.05000000,0.00013000,12.68722650,2025-02-15 23:28:14.332,True,True
4561955540,97594.05000000,0.00013000,12.68722650,2025-02-15 23:28:14.364,True,True
4561955541,97594.05000000,0.00013000,12.68722650,2025-02-15 23:28:14.369,True,True
4561955542,97594.05000000,0.00013000,12.68722650,2025-02-15 23:28:14.375,True,True
4561955543,97594.05000000,0.00013000,12.68722650,2025-02-15 23:28:14.403,True,True
4561955544,97594.05000000,0.00013000,12.68722650,2025-02-15 23:28:14.406,True,True
4561955545,97594.05000000,0.00013000,12.68722650,2025-02-15 23:28:14.417,True,True
4561955546,97594.05000000,0.00013000,12.68722650,2025-02-15 23:28:14.443,True,True
4561955547,97594.05000000,0.00013000,12.68722650,2025-02-15 23:28:14.454,True,True
4561955548,97594.05000000,0.00013000,12.68722650,2025-02-15 23:28:14.464,True,True
4561955549,97594.05000000,0.00013000,12.68722650,2025-02-15 23:28:14.472,True,True
4561955550,97594.05000000,0.00013000,12.68722650,2025-02-15 23:28:14.487,True,True
4561955551,97594.05000000,0.00013000,12.68722650,2025-02-15 23:28:14.509,True,True
4561955552,97594.05000000,0.00013000,12.68722650,2025-02-15 23:28:14.515,True,True
4561955553,97594.05000000,0.00013000,12.68722650,2025-02-15 23:28:14.526,True,True
4561955554,97594.05000000,0.00013000,12.68722650,2025-02-15 23:28:14.551,True,True
4561955555,97594.05000000,0.00013000,12.68722650,2025-02-15 23:28:14.553,True,True
4561955556,97594.05000000,0.00013000,12.68722650,2025-02-15 23:28:14.562,True,True
4561955557,97594.05000000,0.00013000,12.68722650,2025-02-15 23:28:14.585,True,True
4561955558,97594.05000000,0.00013000,12.68722650,2025-02-15 23:28:14.588,True,True
4561955559,97594.05000000,0.00013000,12.68722650,2025-02-15 23:28:14.595,True,True
4561955560,97594.05000000,0.00013000,12.68722650,2025-02-15 23:28:14.622,True,True
4561955561,97594.05000000,0.00013000,12.68722650,2025-02-15 23:28:14.631,True,True
4561955562,97594.05000000,0.00013000,12.68722650,2025-02-15 23:28:14.635,True,True
4561955563,97594.05000000,0.00013000,12.68722650,2025-02-15 23:28:14.664,True,True
4561955564,97594.05000000,0.00013000,12.68722650,2025-02-15 23:28:14.665,True,True
4561955565,97594.05000000,0.00500000,487.97025000,2025-02-15 23:28:14.671,True,True
4561955566,97594.05000000,0.00013000,12.68722650,2025-02-15 23:28:14.704,True,True
4561955567,97594.05000000,0.00013000,12.68722650,2025-02-15 23:28:14.710,True,True
4561955568,97594.05000000,0.00013000,12.68722650,2025-02-15 23:28:14.723,True,True
4561955569,97594.05000000,0.00013000,12.68722650,2025-02-15 23:28:14.738,True,True
4561955570,97594.05000000,0.00013000,12.68722650,2025-02-15 23:28:14.749,True,True
4561955571,97594.05000000,0.00013000,12.68722650,2025-02-15 23:28:14.775,True,True
4561955572,97594.05000000,0.00013000,12.68722650,2025-02-15 23:28:14.781,True,True
4561955573,97594.05000000,0.00013000,12.68722650,2025-02-15 23:28:14.786,True,True
4561955574,97594.05000000,0.00013000,12.68722650,2025-02-15 23:28:14.811,True,True
4561955575,97594.05000000,0.00013000,12.68722650,2025-02-15 23:28:14.817,True,True
4561955576,97594.05000000,0.00013000,12.68722650,2025-02-15 23:28:14.821,True,True
4561955577,97594.05000000,0.00013000,12.68722650,2025-02-15 23:28:14.843,True,True
4561955578,97594.05000000,0.00013000,12.68722650,2025-02-15 23:28:14.855,True,True
4561955579,97594.05000000,0.00013000,12.68722650,2025-02-15 23:28:14.860,True,True
4561955580,97594.05000000,0.00013000,12.68722650,2025-02-15 23:28:14.883,True,True
4561955581,97594.05000000,0.00013000,12.68722650,2025-02-15 23:28:14.891,True,True
4561955582,97594.05000000,0.00013000,12.68722650,2025-02-15 23:28:14.896,True,True
4561955583,97594.05000000,0.00013000,12.68722650,2025-02-15 23:28:14.919,True,True
4561955584,97594.05000000,0.00013000,12.68722650,2025-02-15 23:28:14.925,True,True
4561955585,97594.05000000,0.00013000,12.68722650,2025-02-15 23:28:14.930,True,True
4561955586,97594.05000000,0.00013000,12.68722650,2025-02-15 23:28:14.953,True,True
4561955587,97594.05000000,0.00013000,12.68722650,2025-02-15 23:28:14.957,True,True
4561955588,97594.05000000,0.00013000,12.68722650,2025-02-15 23:28:14.965,True,True
4561955589,97594.05000000,0.01799000,1755.71695950,2025-02-15 23:28:14.978,True,True
4561955590,97594.05000000,0.00013000,12.68722650,2025-02-15 23:28:14.990,True,True
4561955591,97594.05000000,0.00013000,12.68722650,2025-02-15 23:28:14.992,True,True
4561955592,97594.05000000,0.00013000,12.68722650,2025-02-15 23:28:15.001,True,True
4561955593,97594.05000000,0.00013000,12.68722650,2025-02-15 23:28:15.032,True,True
4561955594,97594.05000000,0.00013000,12.68722650,2025-02-15 23:28:15.035,True,True
4561955595,97594.05000000,0.00013000,12.68722650,2025-02-15 23:28:15.040,True,True
4561955596,97594.05000000,0.00013000,12.68722650,2025-02-15 23:28:15.065,True,True
4561955597,97594.05000000,0.00013000,12.68722650,2025-02-15 23:28:15.069,True,True
4561955598,97594.05000000,0.00013000,12.68722650,2025-02-15 23:28:15.082,True,True
4561955599,97594.05000000,0.00013000,12.68722650,2025-02-15 23:28:15.100,True,True
4561955600,97594.05000000,0.00013000,12.68722650,2025-02-15 23:28:15.104,True,True
4561955601,97594.05000000,0.00013000,12.68722650,2025-02-15 23:28:15.116,True,True
4561955602,97594.05000000,0.00013000,12.68722650,2025-02-15 23:28:15.134,True,True
4561955603,97594.05000000,0.00013000,12.68722650,2025-02-15 23:28:15.148,True,True
4561955604,97594.05000000,0.00013000,12.68722650,2025-02-15 23:28:15.163,True,True
4561955605,97594.05000000,0.00013000,12.68722650,2025-02-15 23:28:15.166,True,True
4561955606,97594.05000000,0.00012000,11.71128600,2025-02-15 23:28:15.172,True,True
4561955607,97594.05000000,0.00013000,12.68722650,2025-02-15 23:28:15.179,True,True
4561955608,97594.05000000,0.00013000,12.68722650,2025-02-15 23:28:15.200,True,True
4561955609,97594.05000000,0.00011000,10.73534550,2025-02-15 23:28:15.208,True,True
4561955610,97594.05000000,0.00013000,12.68722650,2025-02-15 23:28:15.209,True,True
4561955611,97594.05000000,0.00013000,12.68722650,2025-02-15 23:28:15.219,True,True
4561955612,97594.05000000,0.00013000,12.68722650,2025-02-15 23:28:15.241,True,True
4561955613,97594.05000000,0.00011000,10.73534550,2025-02-15 23:28:15.246,True,True
4561955614,97594.05000000,0.00013000,12.68722650,2025-02-15 23:28:15.259,True,True
4561955615,97594.05000000,0.00013000,12.68722650,2025-02-15 23:28:15.263,True,True
4561955616,97594.05000000,0.00013000,12.68722650,2025-02-15 23:28:15.274,True,True
4561955617,97594.05000000,0.00011000,10.73534550,2025-02-15 23:28:15.279,True,True
4561955618,97594.05000000,0.00013000,12.68722650,2025-02-15 23:28:15.300,True,True
4561955619,97594.05000000,0.00013000,12.68722650,2025-02-15 23:28:15.307,True,True
4561955620,97594.05000000,0.00013000,12.68722650,2025-02-15 23:28:15.323,True,True
4561955621,97594.05000000,0.00011000,10.73534550,2025-02-15 23:28:15.326,True,True
4561955622,97594.05000000,0.00013000,12.68722650,2025-02-15 23:28:15.339,True,True
4561955623,97594.05000000,0.00013000,12.68722650,2025-02-15 23:28:15.353,True,True
4561955624,97594.05000000,0.00013000,12.68722650,2025-02-15 23:28:15.356,True,True
4561955625,97594.05000000,0.00012000,11.71128600,2025-02-15 23:28:15.366,True,True
4561955626,97594.05000000,0.00013000,12.68722650,2025-02-15 23:28:15.374,True,True
4561955627,97594.05000000,0.00013000,12.68722650,2025-02-15 23:28:15.384,True,True
4561955628,97594.05000000,0.00013000,12.68722650,2025-02-15 23:28:15.390,True,True
4561955629,97594.05000000,0.00012000,11.71128600,2025-02-15 23:28:15.407,True,True
4561955630,97594.05000000,0.00013000,12.68722650,2025-02-15 23:28:15.415,True,True
4561955631,97594.05000000,0.00013000,12.68722650,2025-02-15 23:28:15.421,True,True
4561955632,97594.05000000,0.00013000,12.68722650,2025-02-15 23:28:15.421,True,True
4561955633,97594.05000000,0.00013000,12.68722650,2025-02-15 23:28:15.448,True,True
4561955634,97594.05000000,0.00013000,12.68722650,2025-02-15 23:28:15.453,True,True
4561955635,97594.05000000,0.00013000,12.68722650,2025-02-15 23:28:15.457,True,True
4561955636,97594.05000000,0.00013000,12.68722650,2025-02-15 23:28:15.487,True,True
4561955637,97594.05000000,0.00013000,12.68722650,2025-02-15 23:28:15.489,True,True
4561955638,97594.05000000,0.00013000,12.68722650,2025-02-15 23:28:15.511,True,True
4561955639,97594.05000000,0.00013000,12.68722650,2025-02-15 23:28:15.520,True,True
4561955640,97594.05000000,0.00013000,12.68722650,2025-02-15 23:28:15.536,True,True
4561955641,97594.05000000,0.00013000,12.68722650,2025-02-15 23:28:15.548,True,True
4561955642,97594.05000000,0.00013000,12.68722650,2025-02-15 23:28:15.556,True,True
4561955643,97594.05000000,0.00013000,12.68722650,2025-02-15 23:28:15.568,True,True
4561955644,97594.05000000,0.00013000,12.68722650,2025-02-15 23:28:15.585,True,True
4561955645,97594.05000000,0.00013000,12.68722650,2025-02-15 23:28:15.586,True,True
4561955646,97594.05000000,0.00013000,12.68722650,2025-02-15 23:28:15.621,True,True
4561955647,97594.05000000,0.00013000,12.68722650,2025-02-15 23:28:15.622,True,True
4561955648,97594.05000000,0.00013000,12.68722650,2025-02-15 23:28:15.623,True,True
4561955649,97594.05000000,0.00013000,12.68722650,2025-02-15 23:28:15.660,True,True
4561955650,97594.05000000,0.00013000,12.68722650,2025-02-15 23:28:15.663,True,True
4561955651,97594.05000000,0.00013000,12.68722650,2025-02-15 23:28:15.670,True,True
4561955652,97594.05000000,0.00013000,12.68722650,2025-02-15 23:28:15.695,True,True
4561955653,97594.05000000,0.00013000,12.68722650,2025-02-15 23:28:15.703,True,True
4561955654,97594.05000000,0.00013000,12.68722650,2025-02-15 23:28:15.705,True,True
4561955655,97594.05000000,0.00013000,12.68722650,2025-02-15 23:28:15.729,True,True
4561955656,97594.05000000,0.00013000,12.68722650,2025-02-15 23:28:15.738,True,True
4561955657,97594.05000000,0.00013000,12.68722650,2025-02-15 23:28:15.742,True,True
4561955658,97594.05000000,0.00013000,12.68722650,2025-02-15 23:28:15.769,True,True
4561955659,97594.05000000,0.00013000,12.68722650,2025-02-15 23:28:15.771,True,True
4561955660,97594.05000000,0.00013000,12.68722650,2025-02-15 23:28:15.776,True,True
4561955661,97594.05000000,0.00013000,12.68722650,2025-02-15 23:28:15.805,True,True
4561955662,97594.05000000,0.00013000,12.68722650,2025-02-15 23:28:15.806,True,True
4561955663,97594.05000000,0.00013000,12.68722650,2025-02-15 23:28:15.816,True,True
4561955664,97594.05000000,0.00013000,12.68722650,2025-02-15 23:28:15.841,True,True
4561955665,97594.05000000,0.00013000,12.68722650,2025-02-15 23:28:15.845,True,True
4561955666,97594.05000000,0.00013000,12.68722650,2025-02-15 23:28:15.857,True,True
4561955667,97594.05000000,0.00013000,12.68722650,2025-02-15 23:28:15.873,True,True
4561955668,97594.05000000,0.00013000,12.68722650,2025-02-15 23:28:15.878,True,True
4561955669,97594.05000000,0.00013000,12.68722650,2025-02-15 23:28:15.895,True,True
4561955670,97594.05000000,0.00013000,12.68722650,2025-02-15 23:28:15.905,True,True
4561955671,97594.05000000,0.00013000,12.68722650,2025-02-15 23:28:15.929,True,True
4561955672,97594.05000000,0.00013000,12.68722650,2025-02-15 23:28:15.934,True,True
4561955673,97594.05000000,0.00013000,12.68722650,2025-02-15 23:28:15.940,True,True
4561955674,97594.05000000,0.00013000,12.68722650,2025-02-15 23:28:15.961,True,True
4561955675,97594.05000000,0.00013000,12.68722650,2025-02-15 23:28:15.968,True,True
4561955676,97594.05000000,0.00013000,12.68722650,2025-02-15 23:28:15.973,True,True
4561955677,97594.05000000,0.00013000,12.68722650,2025-02-15 23:28:16.000,True,True
4561955678,97594.05000000,0.00013000,12.68722650,2025-02-15 23:28:16.005,True,True
4561955679,97594.05000000,0.00013000,12.68722650,2025-02-15 23:28:16.008,True,True
4561955680,97594.05000000,0.00013000,12.68722650,2025-02-15 23:28:16.043,True,True
4561955681,97594.05000000,0.00013000,12.68722650,2025-02-15 23:28:16.045,True,True
4561955682,97594.05000000,0.00017000,16.59098850,2025-02-15 23:28:16.059,True,True
4561955683,97594.05000000,0.00013000,12.68722650,2025-02-15 23:28:16.077,True,True
