id,price,qty,quoteQty,time,isBuyerMaker,isBestMatch
1005266158,0.27242000,37.00000000,10.07954000,2025-02-15 23:24:04.335,True,True
1005266159,0.27242000,18.00000000,4.90356000,2025-02-15 23:24:04.340,True,True
1005266160,0.27242000,18.00000000,4.90356000,2025-02-15 23:24:04.342,True,True
1005266161,0.27242000,18.00000000,4.90356000,2025-02-15 23:24:04.343,True,True
1005266162,0.27243000,367.00000000,99.98181000,2025-02-15 23:24:04.880,False,True
1005266163,0.27242000,401.00000000,109.24042000,2025-02-15 23:24:05.609,True,True
1005266164,0.27242000,4.00000000,1.08968000,2025-02-15 23:24:05.609,True,True
1005266165,0.27242000,4.00000000,1.08968000,2025-02-15 23:24:05.609,True,True
1005266166,0.27242000,4.00000000,1.08968000,2025-02-15 23:24:05.609,True,True
1005266167,0.27242000,4.00000000,1.08968000,2025-02-15 23:24:05.609,True,True
1005266168,0.27242000,4.00000000,1.08968000,2025-02-15 23:24:05.609,True,True
1005266169,0.27242000,120.00000000,32.69040000,2025-02-15 23:24:05.609,True,True
1005266170,0.27242000,4.00000000,1.08968000,2025-02-15 23:24:05.611,True,True
1005266171,0.27241000,4.00000000,1.08964000,2025-02-15 23:24:05.611,True,True
1005266172,0.27241000,4.00000000,1.08964000,2025-02-15 23:24:05.611,True,True
1005266173,0.27241000,4.00000000,1.08964000,2025-02-15 23:24:05.611,True,True
1005266174,0.27241000,4.00000000,1.08964000,2025-02-15 23:24:05.611,True,True
1005266175,0.27241000,367.00000000,99.97447000,2025-02-15 23:24:05.969,False,True
1005266176,0.27240000,4.00000000,1.08960000,2025-02-15 23:24:06.054,True,True
1005266177,0.27240000,4.00000000,1.08960000,2025-02-15 23:24:06.054,True,True
1005266178,0.27240000,4.00000000,1.08960000,2025-02-15 23:24:06.054,True,True
1005266179,0.27240000,4.00000000,1.08960000,2025-02-15 23:24:06.054,True,True
1005266180,0.27240000,4.00000000,1.08960000,2025-02-15 23:24:06.054,True,True
1005266181,0.27240000,4.00000000,1.08960000,2025-02-15 23:24:06.054,True,True
1005266182,0.27239000,36.00000000,9.80604000,2025-02-15 23:24:06.061,True,True
1005266183,0.27239000,36.00000000,9.80604000,2025-02-15 23:24:06.061,True,True
1005266184,0.27239000,4.00000000,1.08956000,2025-02-15 23:24:06.061,True,True
1005266185,0.27239000,4.00000000,1.08956000,2025-02-15 23:24:06.061,True,True
1005266186,0.27239000,4.00000000,1.08956000,2025-02-15 23:24:06.061,True,True
1005266187,0.27239000,4.00000000,1.08956000,2025-02-15 23:24:06.061,True,True
1005266188,0.27239000,4.00000000,1.08956000,2025-02-15 23:24:06.061,True,True
1005266189,0.27239000,4.00000000,1.08956000,2025-02-15 23:24:06.067,True,True
1005266190,0.27239000,4.00000000,1.08956000,2025-02-15 23:24:06.067,True,True
1005266191,0.27239000,4.00000000,1.08956000,2025-02-15 23:24:06.067,True,True
1005266192,0.27239000,4.00000000,1.08956000,2025-02-15 23:24:06.067,True,True
1005266193,0.27239000,4.00000000,1.08956000,2025-02-15 23:24:06.067,True,True
1005266194,0.27239000,4.00000000,1.08956000,2025-02-15 23:24:06.067,True,True
1005266195,0.27238000,73.00000000,19.88374000,2025-02-15 23:24:06.067,True,True
1005266196,0.27238000,36.00000000,9.80568000,2025-02-15 23:24:06.067,True,True
1005266197,0.27238000,36.00000000,9.80568000,2025-02-15 23:24:06.067,True,True
1005266198,0.27238000,4.00000000,1.08952000,2025-02-15 23:24:06.067,True,True
1005266199,0.27238000,4.00000000,1.08952000,2025-02-15 23:24:06.067,True,True
1005266200,0.27238000,4.00000000,1.08952000,2025-02-15 23:24:06.067,True,True
1005266201,0.27238000,4.00000000,1.08952000,2025-02-15 23:24:06.067,True,True
1005266202,0.27237000,7319.00000000,1993.47603000,2025-02-15 23:24:06.110,True,True
1005266203,0.27237000,2681.00000000,730.22397000,2025-02-15 23:24:06.110,True,True
1005266204,0.27237000,3822.00000000,1040.99814000,2025-02-15 23:24:06.111,True,True
1005266205,0.27237000,36.00000000,9.80532000,2025-02-15 23:24:06.111,True,True
1005266206,0.27237000,36.00000000,9.80532000,2025-02-15 23:24:06.111,True,True
1005266207,0.27237000,4.00000000,1.08948000,2025-02-15 23:24:06.111,True,True
1005266208,0.27237000,4.00000000,1.08948000,2025-02-15 23:24:06.111,True,True
1005266209,0.27237000,4.00000000,1.08948000,2025-02-15 23:24:06.111,True,True
1005266210,0.27237000,4.00000000,1.08948000,2025-02-15 23:24:06.111,True,True
1005266211,0.27237000,4.00000000,1.08948000,2025-02-15 23:24:06.111,True,True
1005266212,0.27237000,1086.00000000,295.79382000,2025-02-15 23:24:06.111,True,True
1005266213,0.27237000,4.00000000,1.08948000,2025-02-15 23:24:06.280,True,True
1005266214,0.27237000,4.00000000,1.08948000,2025-02-15 23:24:06.280,True,True
1005266215,0.27237000,4.00000000,1.08948000,2025-02-15 23:24:06.280,True,True
1005266216,0.27237000,2.00000000,0.54474000,2025-02-15 23:24:06.280,True,True
1005266217,0.27237000,2.00000000,0.54474000,2025-02-15 23:24:08.170,True,True
1005266218,0.27237000,4.00000000,1.08948000,2025-02-15 23:24:08.170,True,True
1005266219,0.27237000,4.00000000,1.08948000,2025-02-15 23:24:08.170,True,True
1005266220,0.27237000,4.00000000,1.08948000,2025-02-15 23:24:08.170,True,True
1005266221,0.27237000,4.00000000,1.08948000,2025-02-15 23:24:08.170,True,True
1005266222,0.27237000,232.00000000,63.18984000,2025-02-15 23:24:08.170,True,True
1005266223,0.27237000,4.00000000,1.08948000,2025-02-15 23:24:08.172,True,True
1005266224,0.27236000,36.00000000,9.80496000,2025-02-15 23:24:08.326,True,True
1005266225,0.27236000,36.00000000,9.80496000,2025-02-15 23:24:08.326,True,True
1005266226,0.27236000,111.00000000,30.23196000,2025-02-15 23:24:08.326,True,True
1005266227,0.27236000,4.00000000,1.08944000,2025-02-15 23:24:08.326,True,True
1005266228,0.27236000,4.00000000,1.08944000,2025-02-15 23:24:08.326,True,True
1005266229,0.27236000,4.00000000,1.08944000,2025-02-15 23:24:08.326,True,True
1005266230,0.27236000,4.00000000,1.08944000,2025-02-15 23:24:08.326,True,True
1005266231,0.27236000,4.00000000,1.08944000,2025-02-15 23:24:08.326,True,True
1005266232,0.27236000,4.00000000,1.08944000,2025-02-15 23:24:08.328,True,True
1005266233,0.27235000,36.00000000,9.80460000,2025-02-15 23:24:08.328,True,True
1005266234,0.27235000,32.00000000,8.71520000,2025-02-15 23:24:08.328,True,True
1005266235,0.27235000,4.00000000,1.08940000,2025-02-15 23:24:08.585,True,True
1005266236,0.27235000,4.00000000,1.08940000,2025-02-15 23:24:08.585,True,True
1005266237,0.27235000,4.00000000,1.08940000,2025-02-15 23:24:08.585,True,True
1005266238,0.27235000,4.00000000,1.08940000,2025-02-15 23:24:08.585,True,True
1005266239,0.27235000,4.00000000,1.08940000,2025-02-15 23:24:08.585,True,True
1005266240,0.27235000,4.00000000,1.08940000,2025-02-15 23:24:08.585,True,True
1005266241,0.27235000,49.00000000,13.34515000,2025-02-15 23:24:08.585,True,True
1005266242,0.27235000,5.00000000,1.36175000,2025-02-15 23:24:09.114,True,True
1005266243,0.27235000,4.00000000,1.08940000,2025-02-15 23:24:09.114,True,True
1005266244,0.27235000,4.00000000,1.08940000,2025-02-15 23:24:09.114,True,True
1005266245,0.27235000,4.00000000,1.08940000,2025-02-15 23:24:09.114,True,True
1005266246,0.27235000,4.00000000,1.08940000,2025-02-15 23:24:09.114,True,True
1005266247,0.27235000,4.00000000,1.08940000,2025-02-15 23:24:09.114,True,True
1005266248,0.27235000,116.00000000,31.59260000,2025-02-15 23:24:09.114,True,True
1005266249,0.27235000,4.00000000,1.08940000,2025-02-15 23:24:09.114,True,True
1005266250,0.27234000,36.00000000,9.80424000,2025-02-15 23:24:09.114,True,True
1005266251,0.27234000,36.00000000,9.80424000,2025-02-15 23:24:09.114,True,True
1005266252,0.27234000,4.00000000,1.08936000,2025-02-15 23:24:09.114,True,True
1005266253,0.27234000,4.00000000,1.08936000,2025-02-15 23:24:09.114,True,True
1005266254,0.27234000,4.00000000,1.08936000,2025-02-15 23:24:09.114,True,True
1005266255,0.27234000,4.00000000,1.08936000,2025-02-15 23:24:09.114,True,True
1005266256,0.27234000,4.00000000,1.08936000,2025-02-15 23:24:09.114,True,True
1005266257,0.27233000,36.00000000,9.80388000,2025-02-15 23:24:09.114,True,True
1005266258,0.27233000,36.00000000,9.80388000,2025-02-15 23:24:09.114,True,True
1005266259,0.27233000,4.00000000,1.08932000,2025-02-15 23:24:09.114,True,True
1005266260,0.27233000,4.00000000,1.08932000,2025-02-15 23:24:09.114,True,True
1005266261,0.27233000,4.00000000,1.08932000,2025-02-15 23:24:09.114,True,True
1005266262,0.27233000,4.00000000,1.08932000,2025-02-15 23:24:09.114,True,True
1005266263,0.27233000,6412.00000000,1746.17996000,2025-02-15 23:24:09.357,False,True
1005266264,0.27233000,4403.00000000,1199.06899000,2025-02-15 23:24:09.357,False,True
1005266265,0.27233000,5260.00000000,1432.45580000,2025-02-15 23:24:09.357,False,True
1005266266,0.27233000,6860.00000000,1868.18380000,2025-02-15 23:24:09.357,False,True
1005266267,0.27233000,1637.00000000,445.80421000,2025-02-15 23:24:09.357,False,True
1005266268,0.27233000,7373.00000000,2007.88909000,2025-02-15 23:24:09.357,False,True
1005266269,0.27233000,4183.00000000,1139.15639000,2025-02-15 23:24:09.357,False,True
1005266270,0.27233000,4.00000000,1.08932000,2025-02-15 23:24:09.357,False,True
1005266271,0.27233000,1471.00000000,400.59743000,2025-02-15 23:24:09.357,False,True
1005266272,0.27233000,4.00000000,1.08932000,2025-02-15 23:24:09.357,False,True
1005266273,0.27233000,4.00000000,1.08932000,2025-02-15 23:24:09.357,False,True
1005266274,0.27233000,3791.00000000,1032.40303000,2025-02-15 23:24:09.357,False,True
1005266275,0.27233000,4.00000000,1.08932000,2025-02-15 23:24:09.357,False,True
1005266276,0.27233000,4.00000000,1.08932000,2025-02-15 23:24:09.357,False,True
1005266277,0.27233000,4.00000000,1.08932000,2025-02-15 23:24:09.357,False,True
1005266278,0.27234000,7373.00000000,2007.96282000,2025-02-15 23:24:09.357,False,True
1005266279,0.27234000,1637.00000000,445.82058000,2025-02-15 23:24:09.357,False,True
1005266280,0.27234000,4.00000000,1.08936000,2025-02-15 23:24:09.357,False,True
1005266281,0.27234000,3677.00000000,1001.39418000,2025-02-15 23:24:09.357,False,True
1005266282,0.27234000,4183.00000000,1139.19822000,2025-02-15 23:24:09.357,False,True
1005266283,0.27234000,5216.00000000,1420.52544000,2025-02-15 23:24:09.357,False,True
1005266284,0.27234000,9377.00000000,2553.73218000,2025-02-15 23:24:09.357,False,True
1005266285,0.27234000,1836.00000000,500.01624000,2025-02-15 23:24:09.357,False,True
1005266286,0.27234000,4.00000000,1.08936000,2025-02-15 23:24:09.357,False,True
1005266287,0.27234000,4.00000000,1.08936000,2025-02-15 23:24:09.357,False,True
1005266288,0.27234000,66.00000000,17.97444000,2025-02-15 23:24:09.357,False,True
1005266289,0.27234000,51.00000000,13.88934000,2025-02-15 23:24:11.572,False,True
1005266290,0.27233000,90.00000000,24.50970000,2025-02-15 23:24:11.972,True,True
1005266291,0.27233000,80.00000000,21.78640000,2025-02-15 23:24:12.294,True,True
1005266292,0.27233000,1550.00000000,422.11150000,2025-02-15 23:24:13.669,True,True
1005266293,0.27233000,50.00000000,13.61650000,2025-02-15 23:24:13.918,True,True
1005266294,0.27233000,4.00000000,1.08932000,2025-02-15 23:24:15.106,True,True
1005266295,0.27233000,4.00000000,1.08932000,2025-02-15 23:24:15.106,True,True
1005266296,0.27233000,4.00000000,1.08932000,2025-02-15 23:24:15.106,True,True
1005266297,0.27233000,4.00000000,1.08932000,2025-02-15 23:24:15.106,True,True
1005266298,0.27233000,4.00000000,1.08932000,2025-02-15 23:24:15.106,True,True
1005266299,0.27233000,75.00000000,20.42475000,2025-02-15 23:24:15.106,True,True
1005266300,0.27233000,329.00000000,89.59657000,2025-02-15 23:24:15.106,True,True
1005266301,0.27234000,85.00000000,23.14890000,2025-02-15 23:24:15.145,False,True
1005266302,0.27233000,890.00000000,242.37370000,2025-02-15 23:24:16.144,True,True
1005266303,0.27233000,2800.00000000,762.52400000,2025-02-15 23:24:21.874,True,True
1005266304,0.27233000,1000.00000000,272.33000000,2025-02-15 23:24:23.220,True,True
1005266305,0.27233000,2048.00000000,557.73184000,2025-02-15 23:24:23.779,True,True
1005266306,0.27233000,1850.00000000,503.81050000,2025-02-15 23:24:23.786,True,True
1005266307,0.27233000,1754.00000000,477.66682000,2025-02-15 23:24:24.027,True,True
1005266308,0.27233000,1516.00000000,412.85228000,2025-02-15 23:24:24.027,True,True
1005266309,0.27233000,15.00000000,4.08495000,2025-02-15 23:24:24.027,True,True
1005266310,0.27233000,81.00000000,22.05873000,2025-02-15 23:24:24.027,True,True
1005266311,0.27233000,4.00000000,1.08932000,2025-02-15 23:24:24.027,True,True
1005266312,0.27233000,4.00000000,1.08932000,2025-02-15 23:24:24.027,True,True
1005266313,0.27233000,4.00000000,1.08932000,2025-02-15 23:24:24.027,True,True
1005266314,0.27233000,4.00000000,1.08932000,2025-02-15 23:24:24.027,True,True
1005266315,0.27233000,134.00000000,36.49222000,2025-02-15 23:24:24.027,True,True
1005266316,0.27233000,50.00000000,13.61650000,2025-02-15 23:24:24.027,True,True
1005266317,0.27232000,4.00000000,1.08928000,2025-02-15 23:24:24.402,True,True
1005266318,0.27232000,4.00000000,1.08928000,2025-02-15 23:24:24.402,True,True
1005266319,0.27232000,4.00000000,1.08928000,2025-02-15 23:24:24.402,True,True
1005266320,0.27232000,4.00000000,1.08928000,2025-02-15 23:24:24.402,True,True
1005266321,0.27232000,4.00000000,1.08928000,2025-02-15 23:24:24.402,True,True
1005266322,0.27232000,4.00000000,1.08928000,2025-02-15 23:24:24.402,True,True
1005266323,0.27232000,614.00000000,167.20448000,2025-02-15 23:24:24.412,False,True
1005266324,0.27231000,4.00000000,1.08924000,2025-02-15 23:24:24.624,True,True
1005266325,0.27231000,4.00000000,1.08924000,2025-02-15 23:24:24.624,True,True
1005266326,0.27231000,4.00000000,1.08924000,2025-02-15 23:24:24.624,True,True
1005266327,0.27230000,4.00000000,1.08920000,2025-02-15 23:24:24.626,True,True
1005266328,0.27229000,36.00000000,9.80244000,2025-02-15 23:24:24.649,True,True
1005266329,0.27229000,36.00000000,9.80244000,2025-02-15 23:24:24.649,True,True
1005266330,0.27229000,4.00000000,1.08916000,2025-02-15 23:24:24.649,True,True
1005266331,0.27229000,4.00000000,1.08916000,2025-02-15 23:24:24.649,True,True
1005266332,0.27229000,4.00000000,1.08916000,2025-02-15 23:24:24.649,True,True
1005266333,0.27228000,36.00000000,9.80208000,2025-02-15 23:24:24.692,True,True
1005266334,0.27228000,36.00000000,9.80208000,2025-02-15 23:24:24.692,True,True
1005266335,0.27228000,111.00000000,30.22308000,2025-02-15 23:24:24.692,True,True
1005266336,0.27228000,4.00000000,1.08912000,2025-02-15 23:24:24.692,True,True
1005266337,0.27228000,4.00000000,1.08912000,2025-02-15 23:24:24.692,True,True
1005266338,0.27228000,4.00000000,1.08912000,2025-02-15 23:24:24.692,True,True
1005266339,0.27227000,36.00000000,9.80172000,2025-02-15 23:24:24.692,True,True
1005266340,0.27227000,36.00000000,9.80172000,2025-02-15 23:24:24.692,True,True
1005266341,0.27227000,4.00000000,1.08908000,2025-02-15 23:24:24.692,True,True
1005266342,0.27227000,4.00000000,1.08908000,2025-02-15 23:24:24.692,True,True
1005266343,0.27226000,36.00000000,9.80136000,2025-02-15 23:24:24.692,True,True
1005266344,0.27226000,36.00000000,9.80136000,2025-02-15 23:24:24.692,True,True
1005266345,0.27226000,6.00000000,1.63356000,2025-02-15 23:24:24.692,True,True
1005266346,0.27226000,1285.00000000,349.85410000,2025-02-15 23:24:24.692,True,True
1005266347,0.27226000,4.00000000,1.08904000,2025-02-15 23:24:24.692,True,True
1005266348,0.27225000,3358.00000000,914.21550000,2025-02-15 23:24:24.692,True,True
1005266349,0.27225000,825.00000000,224.60625000,2025-02-15 23:24:24.692,True,True
1005266350,0.27225000,26.00000000,7.07850000,2025-02-15 23:24:24.692,True,True
1005266351,0.27225000,4.00000000,1.08900000,2025-02-15 23:24:24.692,True,True
1005266352,0.27225000,36.00000000,9.80100000,2025-02-15 23:24:24.692,True,True
1005266353,0.27225000,36.00000000,9.80100000,2025-02-15 23:24:24.692,True,True
1005266354,0.27225000,124.00000000,33.75900000,2025-02-15 23:24:24.692,True,True
1005266355,0.27225000,4.00000000,1.08900000,2025-02-15 23:24:24.692,True,True
1005266356,0.27225000,4.00000000,1.08900000,2025-02-15 23:24:24.692,True,True
1005266357,0.27225000,3673.00000000,999.97425000,2025-02-15 23:24:24.692,True,True
1005266358,0.27224000,206.00000000,56.08144000,2025-02-15 23:24:24.692,True,True
1005266359,0.27224000,36.00000000,9.80064000,2025-02-15 23:24:24.692,True,True
1005266360,0.27224000,36.00000000,9.80064000,2025-02-15 23:24:24.692,True,True
1005266361,0.27224000,4990.00000000,1358.47760000,2025-02-15 23:24:24.692,True,True
1005266362,0.27225000,4.00000000,1.08900000,2025-02-15 23:24:24.759,False,True
1005266363,0.27225000,4.00000000,1.08900000,2025-02-15 23:24:24.759,False,True
1005266364,0.27225000,25.00000000,6.80625000,2025-02-15 23:24:24.759,False,True
1005266365,0.27224000,41.00000000,11.16184000,2025-02-15 23:24:24.802,True,True
1005266366,0.27225000,154.00000000,41.92650000,2025-02-15 23:24:26.513,False,True
1005266367,0.27224000,4.00000000,1.08896000,2025-02-15 23:24:28.254,True,True
1005266368,0.27224000,4.00000000,1.08896000,2025-02-15 23:24:28.254,True,True
1005266369,0.27224000,4.00000000,1.08896000,2025-02-15 23:24:28.254,True,True
1005266370,0.27224000,6.00000000,1.63344000,2025-02-15 23:24:28.254,True,True
1005266371,0.27224000,57.00000000,15.51768000,2025-02-15 23:24:28.254,True,True
1005266372,0.27224000,9.00000000,2.45016000,2025-02-15 23:24:28.254,True,True
1005266373,0.27224000,477.00000000,129.85848000,2025-02-15 23:24:28.254,True,True
1005266374,0.27225000,358.00000000,97.46550000,2025-02-15 23:24:29.132,False,True
1005266375,0.27225000,405.00000000,110.26125000,2025-02-15 23:24:29.370,False,True
1005266376,0.27224000,12.00000000,3.26688000,2025-02-15 23:24:29.371,True,True
1005266377,0.27224000,6.00000000,1.63344000,2025-02-15 23:24:31.251,True,True
1005266378,0.27224000,49.00000000,13.33976000,2025-02-15 23:24:35.404,True,True
1005266379,0.27225000,4.00000000,1.08900000,2025-02-15 23:24:35.805,False,True
1005266380,0.27225000,4.00000000,1.08900000,2025-02-15 23:24:35.805,False,True
1005266381,0.27225000,14.00000000,3.81150000,2025-02-15 23:24:35.805,False,True
1005266382,0.27225000,26.00000000,7.07850000,2025-02-15 23:24:37.465,False,True
1005266383,0.27225000,4.00000000,1.08900000,2025-02-15 23:24:37.465,False,True
1005266384,0.27225000,4.00000000,1.08900000,2025-02-15 23:24:37.465,False,True
1005266385,0.27225000,4.00000000,1.08900000,2025-02-15 23:24:37.465,False,True
1005266386,0.27225000,1165.00000000,317.17125000,2025-02-15 23:24:37.465,False,True
1005266387,0.27225000,184.00000000,50.09400000,2025-02-15 23:24:37.465,False,True
1005266388,0.27225000,4.00000000,1.08900000,2025-02-15 23:24:37.465,False,True
1005266389,0.27225000,4.00000000,1.08900000,2025-02-15 23:24:37.465,False,True
1005266390,0.27225000,915.00000000,249.10875000,2025-02-15 23:24:37.465,False,True
1005266391,0.27225000,4.00000000,1.08900000,2025-02-15 23:24:37.523,False,True
1005266392,0.27225000,4.00000000,1.08900000,2025-02-15 23:24:37.523,False,True
1005266393,0.27225000,4.00000000,1.08900000,2025-02-15 23:24:37.523,False,True
1005266394,0.27225000,4.00000000,1.08900000,2025-02-15 23:24:37.523,False,True
1005266395,0.27225000,4.00000000,1.08900000,2025-02-15 23:24:37.523,False,True
1005266396,0.27225000,4.00000000,1.08900000,2025-02-15 23:24:37.523,False,True
1005266397,0.27226000,4.00000000,1.08904000,2025-02-15 23:24:38.033,False,True
1005266398,0.27226000,4.00000000,1.08904000,2025-02-15 23:24:38.033,False,True
1005266399,0.27226000,4.00000000,1.08904000,2025-02-15 23:24:38.033,False,True
1005266400,0.27226000,4.00000000,1.08904000,2025-02-15 23:24:38.033,False,True
1005266401,0.27226000,4.00000000,1.08904000,2025-02-15 23:24:38.033,False,True
1005266402,0.27226000,4.00000000,1.08904000,2025-02-15 23:24:38.033,False,True
1005266403,0.27227000,4.00000000,1.08908000,2025-02-15 23:24:38.033,False,True
1005266404,0.27227000,4.00000000,1.08908000,2025-02-15 23:24:38.033,False,True
1005266405,0.27227000,4.00000000,1.08908000,2025-02-15 23:24:38.033,False,True
1005266406,0.27227000,4.00000000,1.08908000,2025-02-15 23:24:38.033,False,True
1005266407,0.27228000,1637.00000000,445.72236000,2025-02-15 23:24:38.033,False,True
1005266408,0.27228000,4.00000000,1.08912000,2025-02-15 23:24:38.033,False,True
1005266409,0.27228000,36.00000000,9.80208000,2025-02-15 23:24:38.033,False,True
1005266410,0.27228000,36.00000000,9.80208000,2025-02-15 23:24:38.033,False,True
1005266411,0.27228000,4.00000000,1.08912000,2025-02-15 23:24:38.033,False,True
1005266412,0.27228000,4.00000000,1.08912000,2025-02-15 23:24:38.033,False,True
1005266413,0.27228000,4.00000000,1.08912000,2025-02-15 23:24:38.033,False,True
1005266414,0.27229000,71.00000000,19.33259000,2025-02-15 23:24:38.033,False,True
1005266415,0.27229000,4.00000000,1.08916000,2025-02-15 23:24:42.610,False,True
1005266416,0.27229000,36.00000000,9.80244000,2025-02-15 23:24:42.610,False,True
1005266417,0.27229000,36.00000000,9.80244000,2025-02-15 23:24:42.610,False,True
1005266418,0.27229000,4.00000000,1.08916000,2025-02-15 23:24:42.610,False,True
1005266419,0.27229000,4.00000000,1.08916000,2025-02-15 23:24:42.610,False,True
1005266420,0.27229000,4.00000000,1.08916000,2025-02-15 23:24:42.610,False,True
1005266421,0.27229000,4.00000000,1.08916000,2025-02-15 23:24:42.610,False,True
1005266422,0.27229000,81.00000000,22.05549000,2025-02-15 23:24:42.610,False,True
1005266423,0.27228000,4.00000000,1.08912000,2025-02-15 23:24:46.009,True,True
1005266424,0.27228000,4.00000000,1.08912000,2025-02-15 23:24:46.009,True,True
1005266425,0.27228000,4.00000000,1.08912000,2025-02-15 23:24:46.009,True,True
1005266426,0.27228000,326.00000000,88.76328000,2025-02-15 23:24:46.009,True,True
1005266427,0.27229000,4.00000000,1.08916000,2025-02-15 23:24:46.273,False,True
1005266428,0.27229000,4.00000000,1.08916000,2025-02-15 23:24:46.273,False,True
1005266429,0.27229000,4.00000000,1.08916000,2025-02-15 23:24:46.273,False,True
1005266430,0.27229000,4.00000000,1.08916000,2025-02-15 23:24:46.273,False,True
1005266431,0.27229000,4.00000000,1.08916000,2025-02-15 23:24:46.273,False,True
1005266432,0.27229000,6.00000000,1.63374000,2025-02-15 23:24:46.273,False,True
1005266433,0.27229000,39.00000000,10.61931000,2025-02-15 23:24:46.273,False,True
1005266434,0.27228000,27.00000000,7.35156000,2025-02-15 23:24:46.374,True,True
1005266435,0.27229000,91.00000000,24.77839000,2025-02-15 23:24:53.081,False,True
1005266436,0.27229000,456.00000000,124.16424000,2025-02-15 23:25:00.670,False,True
1005266437,0.27228000,5.00000000,1.36140000,2025-02-15 23:25:00.802,True,True
1005266438,0.27228000,367.00000000,99.92676000,2025-02-15 23:25:00.802,True,True
1005266439,0.27228000,4.00000000,1.08912000,2025-02-15 23:25:00.802,True,True
1005266440,0.27228000,4.00000000,1.08912000,2025-02-15 23:25:00.802,True,True
1005266441,0.27228000,4.00000000,1.08912000,2025-02-15 23:25:00.802,True,True
1005266442,0.27228000,1637.00000000,445.72236000,2025-02-15 23:25:00.802,True,True
1005266443,0.27228000,382.00000000,104.01096000,2025-02-15 23:25:00.802,True,True
1005266444,0.27227000,4.00000000,1.08908000,2025-02-15 23:25:00.802,True,True
1005266445,0.27227000,1471.00000000,400.50917000,2025-02-15 23:25:00.802,True,True
1005266446,0.27226000,1637.00000000,445.68962000,2025-02-15 23:25:00.802,True,True
1005266447,0.27226000,4485.00000000,1221.08610000,2025-02-15 23:25:00.802,True,True
1005266448,0.27226000,4.00000000,1.08904000,2025-02-15 23:25:00.808,True,True
1005266449,0.27226000,876.00000000,238.49976000,2025-02-15 23:25:00.808,True,True
1005266450,0.27227000,1517.00000000,413.03359000,2025-02-15 23:25:01.451,False,True
1005266451,0.27226000,660.00000000,179.69160000,2025-02-15 23:25:01.731,True,True
1005266452,0.27227000,4.00000000,1.08908000,2025-02-15 23:25:03.280,False,True
1005266453,0.27227000,4.00000000,1.08908000,2025-02-15 23:25:03.280,False,True
1005266454,0.27227000,4.00000000,1.08908000,2025-02-15 23:25:03.280,False,True
1005266455,0.27227000,4.00000000,1.08908000,2025-02-15 23:25:03.280,False,True
1005266456,0.27227000,4.00000000,1.08908000,2025-02-15 23:25:03.280,False,True
1005266457,0.27227000,1004.00000000,273.35908000,2025-02-15 23:25:03.280,False,True
1005266458,0.27227000,4.00000000,1.08908000,2025-02-15 23:25:03.280,False,True
1005266459,0.27228000,4.00000000,1.08912000,2025-02-15 23:25:03.540,False,True
1005266460,0.27228000,4.00000000,1.08912000,2025-02-15 23:25:03.540,False,True
1005266461,0.27228000,4.00000000,1.08912000,2025-02-15 23:25:03.540,False,True
1005266462,0.27228000,4.00000000,1.08912000,2025-02-15 23:25:03.540,False,True
1005266463,0.27228000,4.00000000,1.08912000,2025-02-15 23:25:03.540,False,True
1005266464,0.27228000,4.00000000,1.08912000,2025-02-15 23:25:03.540,False,True
1005266465,0.27229000,4.00000000,1.08916000,2025-02-15 23:25:03.540,False,True
1005266466,0.27229000,163.00000000,44.38327000,2025-02-15 23:25:03.540,False,True
1005266467,0.27229000,22.00000000,5.99038000,2025-02-15 23:25:03.540,False,True
1005266468,0.27229000,80.00000000,21.78320000,2025-02-15 23:25:04.728,False,True
1005266469,0.27229000,4.00000000,1.08916000,2025-02-15 23:25:04.728,False,True
1005266470,0.27229000,4.00000000,1.08916000,2025-02-15 23:25:04.728,False,True
1005266471,0.27229000,4.00000000,1.08916000,2025-02-15 23:25:04.728,False,True
1005266472,0.27229000,4.00000000,1.08916000,2025-02-15 23:25:04.728,False,True
1005266473,0.27229000,4.00000000,1.08916000,2025-02-15 23:25:04.728,False,True
1005266474,0.27229000,33.00000000,8.98557000,2025-02-15 23:25:04.728,False,True
1005266475,0.27229000,4.00000000,1.08916000,2025-02-15 23:25:04.728,False,True
1005266476,0.27230000,4.00000000,1.08920000,2025-02-15 23:25:05.418,False,True
1005266477,0.27230000,4.00000000,1.08920000,2025-02-15 23:25:05.418,False,True
1005266478,0.27230000,4.00000000,1.08920000,2025-02-15 23:25:05.418,False,True
1005266479,0.27230000,36.00000000,9.80280000,2025-02-15 23:25:05.418,False,True
1005266480,0.27230000,36.00000000,9.80280000,2025-02-15 23:25:05.418,False,True
1005266481,0.27230000,4.00000000,1.08920000,2025-02-15 23:25:05.418,False,True
1005266482,0.27230000,4.00000000,1.08920000,2025-02-15 23:25:05.418,False,True
1005266483,0.27230000,4.00000000,1.08920000,2025-02-15 23:25:05.418,False,True
1005266484,0.27231000,4.00000000,1.08924000,2025-02-15 23:25:06.007,False,True
1005266485,0.27231000,36.00000000,9.80316000,2025-02-15 23:25:06.007,False,True
1005266486,0.27231000,36.00000000,9.80316000,2025-02-15 23:25:06.007,False,True
1005266487,0.27231000,4.00000000,1.08924000,2025-02-15 23:25:06.007,False,True
1005266488,0.27231000,4.00000000,1.08924000,2025-02-15 23:25:06.007,False,True
1005266489,0.27231000,4.00000000,1.08924000,2025-02-15 23:25:06.007,False,True
1005266490,0.27231000,4.00000000,1.08924000,2025-02-15 23:25:06.007,False,True
1005266491,0.27231000,4.00000000,1.08924000,2025-02-15 23:25:06.007,False,True
1005266492,0.27232000,4.00000000,1.08928000,2025-02-15 23:25:06.007,False,True
1005266493,0.27232000,36.00000000,9.80352000,2025-02-15 23:25:06.007,False,True
1005266494,0.27232000,36.00000000,9.80352000,2025-02-15 23:25:06.007,False,True
1005266495,0.27232000,4.00000000,1.08928000,2025-02-15 23:25:06.007,False,True
1005266496,0.27232000,4.00000000,1.08928000,2025-02-15 23:25:06.007,False,True
1005266497,0.27232000,4.00000000,1.08928000,2025-02-15 23:25:06.007,False,True
1005266498,0.27233000,4.00000000,1.08932000,2025-02-15 23:25:06.008,False,True
1005266499,0.27233000,2865.00000000,780.22545000,2025-02-15 23:25:06.008,False,True
1005266500,0.27233000,36.00000000,9.80388000,2025-02-15 23:25:06.008,False,True
1005266501,0.27233000,36.00000000,9.80388000,2025-02-15 23:25:06.008,False,True
1005266502,0.27233000,4.00000000,1.08932000,2025-02-15 23:25:06.008,False,True
1005266503,0.27233000,4.00000000,1.08932000,2025-02-15 23:25:06.008,False,True
1005266504,0.27233000,4.00000000,1.08932000,2025-02-15 23:25:06.008,False,True
1005266505,0.27233000,4.00000000,1.08932000,2025-02-15 23:25:06.133,False,True
1005266506,0.27233000,4.00000000,1.08932000,2025-02-15 23:25:06.133,False,True
1005266507,0.27233000,4.00000000,1.08932000,2025-02-15 23:25:06.133,False,True
1005266508,0.27233000,4.00000000,1.08932000,2025-02-15 23:25:06.807,False,True
1005266509,0.27233000,4.00000000,1.08932000,2025-02-15 23:25:06.807,False,True
1005266510,0.27233000,4.00000000,1.08932000,2025-02-15 23:25:06.807,False,True
1005266511,0.27233000,4.00000000,1.08932000,2025-02-15 23:25:06.807,False,True
1005266512,0.27233000,4.00000000,1.08932000,2025-02-15 23:25:06.807,False,True
1005266513,0.27233000,4.00000000,1.08932000,2025-02-15 23:25:06.807,False,True
1005266514,0.27234000,36.00000000,9.80424000,2025-02-15 23:25:06.807,False,True
1005266515,0.27234000,36.00000000,9.80424000,2025-02-15 23:25:06.807,False,True
1005266516,0.27234000,4.00000000,1.08936000,2025-02-15 23:25:06.807,False,True
1005266517,0.27234000,4.00000000,1.08936000,2025-02-15 23:25:06.807,False,True
1005266518,0.27234000,4.00000000,1.08936000,2025-02-15 23:25:06.807,False,True
1005266519,0.27234000,4.00000000,1.08936000,2025-02-15 23:25:06.807,False,True
1005266520,0.27234000,4.00000000,1.08936000,2025-02-15 23:25:06.807,False,True
1005266521,0.27235000,36.00000000,9.80460000,2025-02-15 23:25:06.807,False,True
1005266522,0.27235000,36.00000000,9.80460000,2025-02-15 23:25:06.807,False,True
1005266523,0.27235000,729.00000000,198.54315000,2025-02-15 23:25:06.807,False,True
1005266524,0.27235000,189.00000000,51.47415000,2025-02-15 23:25:07.883,False,True
1005266525,0.27235000,4.00000000,1.08940000,2025-02-15 23:25:07.883,False,True
1005266526,0.27235000,4.00000000,1.08940000,2025-02-15 23:25:07.883,False,True
1005266527,0.27235000,4.00000000,1.08940000,2025-02-15 23:25:07.883,False,True
1005266528,0.27235000,3144.00000000,856.26840000,2025-02-15 23:25:07.883,False,True
1005266529,0.27235000,4.00000000,1.08940000,2025-02-15 23:25:07.883,False,True
1005266530,0.27235000,4.00000000,1.08940000,2025-02-15 23:25:07.883,False,True
1005266531,0.27235000,4.00000000,1.08940000,2025-02-15 23:25:10.216,False,True
1005266532,0.27235000,4.00000000,1.08940000,2025-02-15 23:25:10.216,False,True
1005266533,0.27235000,4.00000000,1.08940000,2025-02-15 23:25:10.216,False,True
1005266534,0.27235000,4.00000000,1.08940000,2025-02-15 23:25:10.216,False,True
1005266535,0.27235000,4.00000000,1.08940000,2025-02-15 23:25:10.216,False,True
1005266536,0.27235000,16.00000000,4.35760000,2025-02-15 23:25:10.216,False,True
1005266537,0.27235000,91.00000000,24.78385000,2025-02-15 23:25:11.196,False,True
1005266538,0.27234000,63.00000000,17.15742000,2025-02-15 23:25:11.330,True,True
1005266539,0.27234000,4.00000000,1.08936000,2025-02-15 23:25:12.974,True,True
1005266540,0.27234000,4.00000000,1.08936000,2025-02-15 23:25:12.974,True,True
1005266541,0.27234000,56.00000000,15.25104000,2025-02-15 23:25:12.974,True,True
1005266542,0.27235000,6.00000000,1.63410000,2025-02-15 23:25:15.072,False,True
1005266543,0.27235000,293.00000000,79.79855000,2025-02-15 23:25:15.442,False,True
1005266544,0.27235000,18.00000000,4.90230000,2025-02-15 23:25:16.379,False,True
1005266545,0.27234000,4.00000000,1.08936000,2025-02-15 23:25:18.210,True,True
1005266546,0.27234000,4.00000000,1.08936000,2025-02-15 23:25:18.210,True,True
1005266547,0.27234000,4.00000000,1.08936000,2025-02-15 23:25:18.210,True,True
1005266548,0.27234000,86.00000000,23.42124000,2025-02-15 23:25:18.210,True,True
1005266549,0.27234000,111.00000000,30.22974000,2025-02-15 23:25:18.210,True,True
1005266550,0.27234000,87.00000000,23.69358000,2025-02-15 23:25:18.210,True,True
1005266551,0.27234000,113.00000000,30.77442000,2025-02-15 23:25:21.086,True,True
1005266552,0.27234000,326.00000000,88.78284000,2025-02-15 23:25:22.397,True,True
1005266553,0.27234000,3.00000000,0.81702000,2025-02-15 23:25:22.397,True,True
1005266554,0.27234000,1.00000000,0.27234000,2025-02-15 23:25:23.773,True,True
1005266555,0.27234000,4.00000000,1.08936000,2025-02-15 23:25:23.773,True,True
1005266556,0.27234000,4.00000000,1.08936000,2025-02-15 23:25:23.773,True,True
1005266557,0.27234000,22.00000000,5.99148000,2025-02-15 23:25:23.773,True,True
1005266558,0.27234000,63.00000000,17.15742000,2025-02-15 23:25:23.773,True,True
1005266559,0.27234000,111.00000000,30.22974000,2025-02-15 23:25:23.773,True,True
1005266560,0.27234000,7.00000000,1.90638000,2025-02-15 23:25:26.551,True,True
1005266561,0.27234000,191.00000000,52.01694000,2025-02-15 23:25:27.824,True,True
1005266562,0.27234000,3.00000000,0.81702000,2025-02-15 23:25:27.833,True,True
1005266563,0.27234000,4.00000000,1.08936000,2025-02-15 23:25:27.833,True,True
1005266564,0.27234000,4.00000000,1.08936000,2025-02-15 23:25:27.833,True,True
1005266565,0.27234000,4.00000000,1.08936000,2025-02-15 23:25:27.833,True,True
1005266566,0.27234000,5.00000000,1.36170000,2025-02-15 23:25:27.833,True,True
1005266567,0.27234000,167.00000000,45.48078000,2025-02-15 23:25:27.833,True,True
1005266568,0.27234000,3588.00000000,977.15592000,2025-02-15 23:25:31.770,False,True
1005266569,0.27233000,4.00000000,1.08932000,2025-02-15 23:25:33.065,True,True
1005266570,0.27233000,4.00000000,1.08932000,2025-02-15 23:25:33.065,True,True
1005266571,0.27233000,4.00000000,1.08932000,2025-02-15 23:25:33.065,True,True
1005266572,0.27233000,229.00000000,62.36357000,2025-02-15 23:25:33.065,True,True
1005266573,0.27233000,4.00000000,1.08932000,2025-02-15 23:25:33.665,False,True
1005266574,0.27232000,4.00000000,1.08928000,2025-02-15 23:25:37.864,True,True
1005266575,0.27232000,4.00000000,1.08928000,2025-02-15 23:25:37.864,True,True
1005266576,0.27232000,4.00000000,1.08928000,2025-02-15 23:25:37.864,True,True
1005266577,0.27232000,123.00000000,33.49536000,2025-02-15 23:25:37.864,True,True
1005266578,0.27232000,551.00000000,150.04832000,2025-02-15 23:25:39.250,False,True
1005266579,0.27231000,36.00000000,9.80316000,2025-02-15 23:25:44.300,True,True
1005266580,0.27231000,36.00000000,9.80316000,2025-02-15 23:25:44.300,True,True
1005266581,0.27231000,4.00000000,1.08924000,2025-02-15 23:25:44.300,True,True
1005266582,0.27231000,355.00000000,96.67005000,2025-02-15 23:25:44.300,True,True
1005266583,0.27232000,7.00000000,1.90624000,2025-02-15 23:25:44.331,False,True
1005266584,0.27231000,1282.00000000,349.10142000,2025-02-15 23:25:46.937,True,True
1005266585,0.27231000,4.00000000,1.08924000,2025-02-15 23:25:46.937,True,True
1005266586,0.27231000,4.00000000,1.08924000,2025-02-15 23:25:46.937,True,True
1005266587,0.27231000,108.00000000,29.40948000,2025-02-15 23:25:46.937,True,True
1005266588,0.27231000,1910.00000000,520.11210000,2025-02-15 23:25:46.937,True,True
1005266589,0.27231000,8.00000000,2.17848000,2025-02-15 23:25:47.724,True,True
1005266590,0.27231000,2620.00000000,713.45220000,2025-02-15 23:25:52.343,True,True
1005266591,0.27231000,18.00000000,4.90158000,2025-02-15 23:25:53.819,True,True
1005266592,0.27231000,20.00000000,5.44620000,2025-02-15 23:25:53.904,True,True
1005266593,0.27232000,3144.00000000,856.17408000,2025-02-15 23:25:55.262,False,True
1005266594,0.27232000,1637.00000000,445.78784000,2025-02-15 23:25:55.262,False,True
1005266595,0.27232000,4.00000000,1.08928000,2025-02-15 23:25:55.262,False,True
1005266596,0.27232000,4.00000000,1.08928000,2025-02-15 23:25:55.262,False,True
1005266597,0.27232000,4.00000000,1.08928000,2025-02-15 23:25:55.262,False,True
1005266598,0.27232000,7709.00000000,2099.31488000,2025-02-15 23:25:55.262,False,True
1005266599,0.27232000,4.00000000,1.08928000,2025-02-15 23:25:55.262,False,True
1005266600,0.27232000,4.00000000,1.08928000,2025-02-15 23:25:55.262,False,True
1005266601,0.27232000,78.00000000,21.24096000,2025-02-15 23:25:55.262,False,True
1005266602,0.27232000,7373.00000000,2007.81536000,2025-02-15 23:25:55.262,False,True
1005266603,0.27232000,12782.00000000,3480.79424000,2025-02-15 23:25:55.262,False,True
1005266604,0.27232000,419.00000000,114.10208000,2025-02-15 23:25:55.262,False,True
1005266605,0.27232000,4.00000000,1.08928000,2025-02-15 23:25:55.262,False,True
1005266606,0.27233000,1637.00000000,445.80421000,2025-02-15 23:25:55.262,False,True
1005266607,0.27233000,7373.00000000,2007.88909000,2025-02-15 23:25:55.262,False,True
1005266608,0.27233000,4.00000000,1.08932000,2025-02-15 23:25:55.262,False,True
1005266609,0.27233000,4.00000000,1.08932000,2025-02-15 23:25:55.262,False,True
1005266610,0.27233000,4.00000000,1.08932000,2025-02-15 23:25:55.262,False,True
1005266611,0.27233000,4.00000000,1.08932000,2025-02-15 23:25:55.262,False,True
1005266612,0.27234000,1637.00000000,445.82058000,2025-02-15 23:25:55.262,False,True
1005266613,0.27234000,4.00000000,1.08936000,2025-02-15 23:25:55.262,False,True
1005266614,0.27234000,3676.00000000,1001.12184000,2025-02-15 23:25:55.262,False,True
1005266615,0.27234000,4.00000000,1.08936000,2025-02-15 23:25:55.262,False,True
1005266616,0.27234000,4.00000000,1.08936000,2025-02-15 23:25:55.262,False,True
1005266617,0.27234000,4.00000000,1.08936000,2025-02-15 23:25:55.262,False,True
1005266618,0.27235000,4.00000000,1.08940000,2025-02-15 23:25:55.262,False,True
1005266619,0.27235000,1637.00000000,445.83695000,2025-02-15 23:25:55.262,False,True
1005266620,0.27235000,1470.00000000,400.35450000,2025-02-15 23:25:55.262,False,True
1005266621,0.27235000,7.00000000,1.90645000,2025-02-15 23:25:55.262,False,True
1005266622,0.27235000,24.00000000,6.53640000,2025-02-15 23:25:55.262,False,True
1005266623,0.27235000,36.00000000,9.80460000,2025-02-15 23:25:55.262,False,True
1005266624,0.27235000,36.00000000,9.80460000,2025-02-15 23:25:55.262,False,True
1005266625,0.27235000,9000.00000000,2451.15000000,2025-02-15 23:25:55.262,False,True
1005266626,0.27235000,4000.00000000,1089.40000000,2025-02-15 23:25:55.262,False,True
1005266627,0.27235000,8000.00000000,2178.80000000,2025-02-15 23:25:55.262,False,True
1005266628,0.27235000,1687.00000000,459.45445000,2025-02-15 23:25:55.262,False,True
1005266629,0.27234000,4.00000000,1.08936000,2025-02-15 23:25:56.840,True,True
1005266630,0.27234000,4.00000000,1.08936000,2025-02-15 23:25:56.914,True,True
1005266631,0.27234000,4.00000000,1.08936000,2025-02-15 23:25:56.914,True,True
1005266632,0.27234000,63.00000000,17.15742000,2025-02-15 23:25:56.914,True,True
1005266633,0.27235000,4.00000000,1.08940000,2025-02-15 23:26:03.617,False,True
1005266634,0.27235000,4.00000000,1.08940000,2025-02-15 23:26:03.617,False,True
1005266635,0.27235000,4.00000000,1.08940000,2025-02-15 23:26:03.617,False,True
1005266636,0.27235000,26.00000000,7.08110000,2025-02-15 23:26:03.617,False,True
1005266637,0.27234000,38.00000000,10.34892000,2025-02-15 23:26:05.410,True,True
1005266638,0.27235000,3671.00000000,999.79685000,2025-02-15 23:26:06.876,False,True
1005266639,0.27235000,303.00000000,82.52205000,2025-02-15 23:26:06.974,False,True
1005266640,0.27235000,1063.00000000,289.50805000,2025-02-15 23:26:06.974,False,True
1005266641,0.27235000,2081.00000000,566.76035000,2025-02-15 23:26:07.139,False,True
1005266642,0.27235000,4.00000000,1.08940000,2025-02-15 23:26:07.139,False,True
1005266643,0.27235000,4.00000000,1.08940000,2025-02-15 23:26:07.139,False,True
1005266644,0.27235000,5254.00000000,1430.92690000,2025-02-15 23:26:07.139,False,True
1005266645,0.27235000,13.00000000,3.54055000,2025-02-15 23:26:09.160,False,True
1005266646,0.27235000,1470.00000000,400.35450000,2025-02-15 23:26:09.915,False,True
1005266647,0.27235000,1263.00000000,343.97805000,2025-02-15 23:26:09.915,False,True
1005266648,0.27235000,4.00000000,1.08940000,2025-02-15 23:26:09.915,False,True
1005266649,0.27235000,4.00000000,1.08940000,2025-02-15 23:26:09.915,False,True
1005266650,0.27235000,4.00000000,1.08940000,2025-02-15 23:26:09.915,False,True
1005266651,0.27235000,16903.00000000,4603.53205000,2025-02-15 23:26:09.915,False,True
1005266652,0.27235000,4.00000000,1.08940000,2025-02-15 23:26:09.919,False,True
1005266653,0.27235000,4.00000000,1.08940000,2025-02-15 23:26:09.919,False,True
1005266654,0.27235000,119.00000000,32.40965000,2025-02-15 23:26:09.919,False,True
1005266655,0.27235000,226.00000000,61.55110000,2025-02-15 23:26:09.919,False,True
1005266656,0.27235000,4.00000000,1.08940000,2025-02-15 23:26:09.919,False,True
1005266657,0.27236000,111.00000000,30.23196000,2025-02-15 23:26:09.945,False,True
1005266658,0.27236000,4.00000000,1.08944000,2025-02-15 23:26:09.945,False,True
1005266659,0.27236000,4.00000000,1.08944000,2025-02-15 23:26:09.945,False,True
1005266660,0.27236000,4.00000000,1.08944000,2025-02-15 23:26:09.945,False,True
1005266661,0.27236000,4.00000000,1.08944000,2025-02-15 23:26:09.945,False,True
1005266662,0.27236000,4.00000000,1.08944000,2025-02-15 23:26:09.945,False,True
1005266663,0.27236000,3144.00000000,856.29984000,2025-02-15 23:26:09.945,False,True
1005266664,0.27236000,4.00000000,1.08944000,2025-02-15 23:26:09.945,False,True
1005266665,0.27237000,499.00000000,135.91263000,2025-02-15 23:26:10.818,False,True
1005266666,0.27237000,4.00000000,1.08948000,2025-02-15 23:26:10.821,False,True
1005266667,0.27237000,4.00000000,1.08948000,2025-02-15 23:26:10.821,False,True
1005266668,0.27237000,4.00000000,1.08948000,2025-02-15 23:26:10.821,False,True
1005266669,0.27237000,4.00000000,1.08948000,2025-02-15 23:26:10.821,False,True
1005266670,0.27237000,4.00000000,1.08948000,2025-02-15 23:26:10.821,False,True
1005266671,0.27237000,4.00000000,1.08948000,2025-02-15 23:26:10.821,False,True
1005266672,0.27238000,4.00000000,1.08952000,2025-02-15 23:26:11.256,False,True
1005266673,0.27238000,4.00000000,1.08952000,2025-02-15 23:26:11.256,False,True
1005266674,0.27238000,4.00000000,1.08952000,2025-02-15 23:26:11.256,False,True
1005266675,0.27238000,4.00000000,1.08952000,2025-02-15 23:26:11.256,False,True
1005266676,0.27238000,4.00000000,1.08952000,2025-02-15 23:26:11.256,False,True
1005266677,0.27238000,4.00000000,1.08952000,2025-02-15 23:26:11.256,False,True
1005266678,0.27239000,4.00000000,1.08956000,2025-02-15 23:26:11.256,False,True
1005266679,0.27239000,4.00000000,1.08956000,2025-02-15 23:26:11.256,False,True
1005266680,0.27239000,4.00000000,1.08956000,2025-02-15 23:26:11.256,False,True
1005266681,0.27239000,4.00000000,1.08956000,2025-02-15 23:26:11.256,False,True
1005266682,0.27240000,36.00000000,9.80640000,2025-02-15 23:26:11.256,False,True
1005266683,0.27240000,36.00000000,9.80640000,2025-02-15 23:26:11.256,False,True
1005266684,0.27240000,4.00000000,1.08960000,2025-02-15 23:26:11.256,False,True
1005266685,0.27240000,4.00000000,1.08960000,2025-02-15 23:26:11.256,False,True
1005266686,0.27240000,4.00000000,1.08960000,2025-02-15 23:26:11.256,False,True
1005266687,0.27240000,4.00000000,1.08960000,2025-02-15 23:26:11.256,False,True
1005266688,0.27240000,4.00000000,1.08960000,2025-02-15 23:26:11.256,False,True
1005266689,0.27241000,36.00000000,9.80676000,2025-02-15 23:26:11.256,False,True
1005266690,0.27241000,36.00000000,9.80676000,2025-02-15 23:26:11.256,False,True
1005266691,0.27241000,1471.00000000,400.71511000,2025-02-15 23:26:11.256,False,True
1005266692,0.27241000,4.00000000,1.08964000,2025-02-15 23:26:11.256,False,True
1005266693,0.27241000,4.00000000,1.08964000,2025-02-15 23:26:11.256,False,True
1005266694,0.27241000,393.00000000,107.05713000,2025-02-15 23:26:11.256,False,True
1005266695,0.27241000,4.00000000,1.08964000,2025-02-15 23:26:11.571,False,True
1005266696,0.27241000,4.00000000,1.08964000,2025-02-15 23:26:11.571,False,True
1005266697,0.27241000,3.00000000,0.81723000,2025-02-15 23:26:11.571,False,True
1005266698,0.27241000,1.00000000,0.27241000,2025-02-15 23:26:15.408,False,True
1005266699,0.27241000,4.00000000,1.08964000,2025-02-15 23:26:15.408,False,True
1005266700,0.27241000,4.00000000,1.08964000,2025-02-15 23:26:15.408,False,True
1005266701,0.27241000,5.00000000,1.36205000,2025-02-15 23:26:15.408,False,True
1005266702,0.27241000,49.00000000,13.34809000,2025-02-15 23:26:15.408,False,True
1005266703,0.27241000,67.00000000,18.25147000,2025-02-15 23:26:17.966,False,True
1005266704,0.27240000,4.00000000,1.08960000,2025-02-15 23:26:18.489,True,True
1005266705,0.27240000,4.00000000,1.08960000,2025-02-15 23:26:18.489,True,True
1005266706,0.27240000,4.00000000,1.08960000,2025-02-15 23:26:18.489,True,True
1005266707,0.27240000,74.00000000,20.15760000,2025-02-15 23:26:18.489,True,True
1005266708,0.27241000,1521.00000000,414.33561000,2025-02-15 23:26:22.672,False,True
1005266709,0.27241000,314.00000000,85.53674000,2025-02-15 23:26:22.672,False,True
1005266710,0.27241000,2018.00000000,549.72338000,2025-02-15 23:26:24.749,False,True
1005266711,0.27241000,54.00000000,14.71014000,2025-02-15 23:26:25.189,False,True
1005266712,0.27240000,4.00000000,1.08960000,2025-02-15 23:26:25.470,True,True
1005266713,0.27240000,4.00000000,1.08960000,2025-02-15 23:26:25.470,True,True
1005266714,0.27240000,4.00000000,1.08960000,2025-02-15 23:26:25.470,True,True
1005266715,0.27240000,174.00000000,47.39760000,2025-02-15 23:26:25.470,True,True
1005266716,0.27240000,137.00000000,37.31880000,2025-02-15 23:26:25.470,True,True
1005266717,0.27240000,273.00000000,74.36520000,2025-02-15 23:26:25.470,True,True
1005266718,0.27240000,4.00000000,1.08960000,2025-02-15 23:26:25.470,True,True
1005266719,0.27240000,46.00000000,12.53040000,2025-02-15 23:26:25.470,True,True
1005266720,0.27241000,3158.00000000,860.27078000,2025-02-15 23:26:25.615,False,True
1005266721,0.27241000,4.00000000,1.08964000,2025-02-15 23:26:25.615,False,True
1005266722,0.27241000,4.00000000,1.08964000,2025-02-15 23:26:25.615,False,True
1005266723,0.27241000,4.00000000,1.08964000,2025-02-15 23:26:25.615,False,True
1005266724,0.27241000,238.00000000,64.83358000,2025-02-15 23:26:25.615,False,True
1005266725,0.27241000,1637.00000000,445.93517000,2025-02-15 23:26:25.615,False,True
1005266726,0.27241000,4339.00000000,1181.98699000,2025-02-15 23:26:25.615,False,True
1005266727,0.27241000,230.00000000,62.65430000,2025-02-15 23:26:25.615,False,True
1005266728,0.27241000,9000.00000000,2451.69000000,2025-02-15 23:26:25.615,False,True
1005266729,0.27241000,52.00000000,14.16532000,2025-02-15 23:26:25.615,False,True
1005266730,0.27241000,18936.00000000,5158.35576000,2025-02-15 23:26:25.615,False,True
1005266731,0.27241000,1470.00000000,400.44270000,2025-02-15 23:26:25.615,False,True
1005266732,0.27241000,8000.00000000,2179.28000000,2025-02-15 23:26:25.615,False,True
1005266733,0.27241000,4000.00000000,1089.64000000,2025-02-15 23:26:25.615,False,True
1005266734,0.27241000,4.00000000,1.08964000,2025-02-15 23:26:25.615,False,True
1005266735,0.27241000,4.00000000,1.08964000,2025-02-15 23:26:25.615,False,True
1005266736,0.27241000,3817.00000000,1039.78897000,2025-02-15 23:26:25.615,False,True
1005266737,0.27241000,4.00000000,1.08964000,2025-02-15 23:26:25.615,False,True
1005266738,0.27241000,10.00000000,2.72410000,2025-02-15 23:26:25.920,True,True
1005266739,0.27241000,55.00000000,14.98255000,2025-02-15 23:26:26.208,True,True
1005266740,0.27241000,6.00000000,1.63446000,2025-02-15 23:26:26.850,True,True
1005266741,0.27241000,2443.00000000,665.49763000,2025-02-15 23:26:27.937,True,True
1005266742,0.27242000,36.00000000,9.80712000,2025-02-15 23:26:28.173,False,True
1005266743,0.27242000,36.00000000,9.80712000,2025-02-15 23:26:28.173,False,True
1005266744,0.27242000,4.00000000,1.08968000,2025-02-15 23:26:28.173,False,True
1005266745,0.27242000,1047.00000000,285.22374000,2025-02-15 23:26:28.173,False,True
1005266746,0.27242000,82.00000000,22.33844000,2025-02-15 23:26:29.594,False,True
1005266747,0.27242000,7.00000000,1.90694000,2025-02-15 23:26:30.430,False,True
1005266748,0.27241000,191.00000000,52.03031000,2025-02-15 23:26:32.997,True,True
1005266749,0.27241000,5.00000000,1.36205000,2025-02-15 23:26:35.272,True,True
1005266750,0.27241000,100.00000000,27.24100000,2025-02-15 23:26:39.138,True,True
1005266751,0.27241000,101.00000000,27.51341000,2025-02-15 23:26:39.146,True,True
1005266752,0.27241000,324.00000000,88.26084000,2025-02-15 23:26:39.146,True,True
1005266753,0.27241000,233.00000000,63.47153000,2025-02-15 23:26:39.151,True,True
1005266754,0.27241000,353.00000000,96.16073000,2025-02-15 23:26:39.157,True,True
1005266755,0.27241000,471.00000000,128.30511000,2025-02-15 23:26:39.164,True,True
1005266756,0.27241000,668.00000000,181.96988000,2025-02-15 23:26:39.171,True,True
1005266757,0.27241000,432.00000000,117.68112000,2025-02-15 23:26:39.181,True,True
1005266758,0.27241000,51.00000000,13.89291000,2025-02-15 23:26:39.188,True,True
1005266759,0.27241000,369.00000000,100.51929000,2025-02-15 23:26:39.195,True,True
1005266760,0.27241000,354.00000000,96.43314000,2025-02-15 23:26:39.202,True,True
1005266761,0.27241000,215.00000000,58.56815000,2025-02-15 23:26:39.209,True,True
1005266762,0.27241000,407.00000000,110.87087000,2025-02-15 23:26:39.216,True,True
1005266763,0.27241000,4.00000000,1.08964000,2025-02-15 23:26:39.216,True,True
1005266764,0.27241000,4.00000000,1.08964000,2025-02-15 23:26:39.216,True,True
1005266765,0.27241000,4.00000000,1.08964000,2025-02-15 23:26:39.216,True,True
1005266766,0.27241000,11.00000000,2.99651000,2025-02-15 23:26:39.216,True,True
1005266767,0.27241000,67.00000000,18.25147000,2025-02-15 23:26:39.225,True,True
1005266768,0.27241000,243.00000000,66.19563000,2025-02-15 23:26:39.232,True,True
1005266769,0.27241000,236.00000000,64.28876000,2025-02-15 23:26:39.243,True,True
1005266770,0.27241000,984.00000000,268.05144000,2025-02-15 23:26:39.250,True,True
1005266771,0.27241000,96.00000000,26.15136000,2025-02-15 23:26:39.260,True,True
1005266772,0.27241000,148.00000000,40.31668000,2025-02-15 23:26:39.260,True,True
1005266773,0.27241000,8.00000000,2.17928000,2025-02-15 23:26:39.275,True,True
1005266774,0.27241000,23.00000000,6.26543000,2025-02-15 23:26:39.275,True,True
1005266775,0.27241000,5.00000000,1.36205000,2025-02-15 23:26:39.275,True,True
1005266776,0.27241000,413.00000000,112.50533000,2025-02-15 23:26:39.275,True,True
1005266777,0.27241000,244.00000000,66.46804000,2025-02-15 23:26:39.282,True,True
1005266778,0.27241000,461.00000000,125.58101000,2025-02-15 23:26:39.289,True,True
1005266779,0.27241000,119.00000000,32.41679000,2025-02-15 23:26:39.296,True,True
1005266780,0.27241000,296.00000000,80.63336000,2025-02-15 23:26:39.307,True,True
1005266781,0.27241000,88.00000000,23.97208000,2025-02-15 23:26:39.314,True,True
1005266782,0.27241000,100.00000000,27.24100000,2025-02-15 23:26:39.314,True,True
1005266783,0.27241000,245.00000000,66.74045000,2025-02-15 23:26:39.314,True,True
1005266784,0.27241000,4.00000000,1.08964000,2025-02-15 23:26:39.314,True,True
1005266785,0.27241000,4.00000000,1.08964000,2025-02-15 23:26:39.314,True,True
1005266786,0.27241000,4.00000000,1.08964000,2025-02-15 23:26:39.314,True,True
1005266787,0.27240000,245.00000000,66.73800000,2025-02-15 23:26:39.329,True,True
1005266788,0.27240000,269.00000000,73.27560000,2025-02-15 23:26:39.342,True,True
1005266789,0.27240000,238.00000000,64.83120000,2025-02-15 23:26:39.350,True,True
1005266790,0.27240000,116.00000000,31.59840000,2025-02-15 23:26:39.359,True,True
1005266791,0.27240000,4.00000000,1.08960000,2025-02-15 23:26:39.366,True,True
1005266792,0.27240000,4.00000000,1.08960000,2025-02-15 23:26:39.366,True,True
1005266793,0.27240000,4.00000000,1.08960000,2025-02-15 23:26:39.366,True,True
1005266794,0.27240000,227.00000000,61.83480000,2025-02-15 23:26:39.366,True,True
1005266795,0.27240000,4.00000000,1.08960000,2025-02-15 23:26:39.374,True,True
1005266796,0.27240000,4.00000000,1.08960000,2025-02-15 23:26:39.374,True,True
1005266797,0.27240000,4.00000000,1.08960000,2025-02-15 23:26:39.374,True,True
1005266798,0.27239000,4.00000000,1.08956000,2025-02-15 23:26:39.374,True,True
1005266799,0.27239000,223.00000000,60.74297000,2025-02-15 23:26:39.374,True,True
1005266800,0.27239000,5000.00000000,1361.95000000,2025-02-15 23:26:45.977,True,True
1005266801,0.27239000,2150.00000000,585.63850000,2025-02-15 23:26:45.977,True,True
1005266802,0.27239000,1470.00000000,400.41330000,2025-02-15 23:26:45.977,True,True
1005266803,0.27239000,5230.00000000,1424.59970000,2025-02-15 23:26:45.977,True,True
1005266804,0.27239000,4.00000000,1.08956000,2025-02-15 23:26:45.977,True,True
1005266805,0.27239000,1146.00000000,312.15894000,2025-02-15 23:26:45.977,True,True
1005266806,0.27240000,4.00000000,1.08960000,2025-02-15 23:26:46.354,False,True
1005266807,0.27240000,839.00000000,228.54360000,2025-02-15 23:26:46.354,False,True
1005266808,0.27240000,21.00000000,5.72040000,2025-02-15 23:26:48.274,False,True
1005266809,0.27239000,4.00000000,1.08956000,2025-02-15 23:26:48.374,True,True
1005266810,0.27239000,4.00000000,1.08956000,2025-02-15 23:26:48.374,True,True
1005266811,0.27239000,4.00000000,1.08956000,2025-02-15 23:26:48.374,True,True
1005266812,0.27239000,39.00000000,10.62321000,2025-02-15 23:26:48.374,True,True
1005266813,0.27239000,191.00000000,52.02649000,2025-02-15 23:26:48.627,True,True
1005266814,0.27239000,303.00000000,82.53417000,2025-02-15 23:26:48.644,True,True
1005266815,0.27239000,4.00000000,1.08956000,2025-02-15 23:26:48.644,True,True
1005266816,0.27239000,4.00000000,1.08956000,2025-02-15 23:26:48.644,True,True
1005266817,0.27239000,4.00000000,1.08956000,2025-02-15 23:26:48.644,True,True
1005266818,0.27238000,4.00000000,1.08952000,2025-02-15 23:26:48.662,True,True
1005266819,0.27238000,36.00000000,9.80568000,2025-02-15 23:26:48.662,True,True
1005266820,0.27238000,36.00000000,9.80568000,2025-02-15 23:26:48.662,True,True
1005266821,0.27238000,4.00000000,1.08952000,2025-02-15 23:26:48.662,True,True
1005266822,0.27238000,4.00000000,1.08952000,2025-02-15 23:26:48.662,True,True
1005266823,0.27237000,84.00000000,22.87908000,2025-02-15 23:26:48.669,True,True
1005266824,0.27237000,4.00000000,1.08948000,2025-02-15 23:26:48.824,True,True
1005266825,0.27237000,36.00000000,9.80532000,2025-02-15 23:26:48.824,True,True
1005266826,0.27237000,36.00000000,9.80532000,2025-02-15 23:26:48.824,True,True
1005266827,0.27237000,4.00000000,1.08948000,2025-02-15 23:26:48.824,True,True
1005266828,0.27237000,4.00000000,1.08948000,2025-02-15 23:26:48.824,True,True
1005266829,0.27236000,36.00000000,9.80496000,2025-02-15 23:26:49.394,True,True
1005266830,0.27236000,36.00000000,9.80496000,2025-02-15 23:26:49.394,True,True
1005266831,0.27236000,4.00000000,1.08944000,2025-02-15 23:26:49.394,True,True
1005266832,0.27236000,4.00000000,1.08944000,2025-02-15 23:26:49.394,True,True
1005266833,0.27236000,4.00000000,1.08944000,2025-02-15 23:26:49.394,True,True
1005266834,0.27236000,63.00000000,17.15868000,2025-02-15 23:26:49.394,True,True
1005266835,0.27235000,1360.00000000,370.39600000,2025-02-15 23:26:49.849,True,True
1005266836,0.27235000,36.00000000,9.80460000,2025-02-15 23:26:50.052,True,True
1005266837,0.27235000,36.00000000,9.80460000,2025-02-15 23:26:50.052,True,True
1005266838,0.27235000,4.00000000,1.08940000,2025-02-15 23:26:50.052,True,True
1005266839,0.27235000,4.00000000,1.08940000,2025-02-15 23:26:50.052,True,True
1005266840,0.27235000,3601.00000000,980.73235000,2025-02-15 23:26:50.052,True,True
1005266841,0.27235000,4.00000000,1.08940000,2025-02-15 23:26:51.695,True,True
1005266842,0.27235000,4.00000000,1.08940000,2025-02-15 23:26:51.695,True,True
1005266843,0.27235000,4.00000000,1.08940000,2025-02-15 23:26:51.695,True,True
1005266844,0.27235000,45.00000000,12.25575000,2025-02-15 23:26:51.695,True,True
1005266845,0.27234000,50.00000000,13.61700000,2025-02-15 23:26:51.697,True,True
1005266846,0.27234000,36.00000000,9.80424000,2025-02-15 23:26:51.697,True,True
1005266847,0.27234000,36.00000000,9.80424000,2025-02-15 23:26:51.697,True,True
1005266848,0.27234000,4.00000000,1.08936000,2025-02-15 23:26:51.697,True,True
1005266849,0.27234000,4.00000000,1.08936000,2025-02-15 23:26:51.697,True,True
1005266850,0.27233000,36.00000000,9.80388000,2025-02-15 23:26:51.697,True,True
1005266851,0.27233000,36.00000000,9.80388000,2025-02-15 23:26:51.697,True,True
1005266852,0.27233000,4.00000000,1.08932000,2025-02-15 23:26:51.697,True,True
1005266853,0.27232000,36.00000000,9.80352000,2025-02-15 23:26:51.697,True,True
1005266854,0.27232000,6.00000000,1.63392000,2025-02-15 23:26:51.697,True,True
1005266855,0.27232000,36.00000000,9.80352000,2025-02-15 23:26:51.697,True,True
1005266856,0.27232000,4339.00000000,1181.59648000,2025-02-15 23:26:51.697,True,True
1005266857,0.27232000,4.00000000,1.08928000,2025-02-15 23:26:51.697,True,True
1005266858,0.27232000,2315.00000000,630.42080000,2025-02-15 23:26:51.697,True,True
1005266859,0.27232000,1357.00000000,369.53824000,2025-02-15 23:26:51.697,True,True
1005266860,0.27232000,381.00000000,103.75392000,2025-02-15 23:26:51.805,False,True
1005266861,0.27232000,2023.00000000,550.90336000,2025-02-15 23:26:53.415,False,True
1005266862,0.27231000,36.00000000,9.80316000,2025-02-15 23:26:53.881,True,True
1005266863,0.27231000,25.00000000,6.80775000,2025-02-15 23:26:53.881,True,True
1005266864,0.27232000,511.00000000,139.15552000,2025-02-15 23:26:54.877,False,True
1005266865,0.27232000,411.00000000,111.92352000,2025-02-15 23:26:54.877,False,True
1005266866,0.27231000,11.00000000,2.99541000,2025-02-15 23:26:55.319,True,True
1005266867,0.27231000,81.00000000,22.05711000,2025-02-15 23:26:55.319,True,True
1005266868,0.27231000,4.00000000,1.08924000,2025-02-15 23:26:55.319,True,True
1005266869,0.27231000,1274.00000000,346.92294000,2025-02-15 23:26:55.319,True,True
1005266870,0.27232000,5.00000000,1.36160000,2025-02-15 23:26:58.518,False,True
1005266871,0.27231000,4.00000000,1.08924000,2025-02-15 23:26:59.386,True,True
1005266872,0.27232000,550.00000000,149.77600000,2025-02-15 23:26:59.691,False,True
1005266873,0.27231000,6.00000000,1.63386000,2025-02-15 23:27:02.679,True,True
1005266874,0.27231000,4.00000000,1.08924000,2025-02-15 23:27:02.679,True,True
1005266875,0.27231000,4.00000000,1.08924000,2025-02-15 23:27:02.679,True,True
1005266876,0.27231000,4.00000000,1.08924000,2025-02-15 23:27:02.679,True,True
1005266877,0.27231000,259.00000000,70.52829000,2025-02-15 23:27:02.679,True,True
1005266878,0.27231000,1378.00000000,375.24318000,2025-02-15 23:27:03.270,True,True
1005266879,0.27231000,459.00000000,124.99029000,2025-02-15 23:27:03.270,True,True
1005266880,0.27231000,3674.00000000,1000.46694000,2025-02-15 23:27:03.271,True,True
1005266881,0.27231000,34.00000000,9.25854000,2025-02-15 23:27:03.988,True,True
1005266882,0.27231000,10.00000000,2.72310000,2025-02-15 23:27:04.932,True,True
1005266883,0.27231000,9.00000000,2.45079000,2025-02-15 23:27:04.932,True,True
1005266884,0.27231000,4.00000000,1.08924000,2025-02-15 23:27:04.932,True,True
1005266885,0.27231000,4.00000000,1.08924000,2025-02-15 23:27:04.932,True,True
1005266886,0.27231000,4.00000000,1.08924000,2025-02-15 23:27:04.932,True,True
1005266887,0.27231000,388.00000000,105.65628000,2025-02-15 23:27:04.932,True,True
1005266888,0.27230000,36.00000000,9.80280000,2025-02-15 23:27:04.933,True,True
1005266889,0.27230000,36.00000000,9.80280000,2025-02-15 23:27:04.933,True,True
1005266890,0.27230000,36.00000000,9.80280000,2025-02-15 23:27:04.933,True,True
1005266891,0.27230000,367.00000000,99.93410000,2025-02-15 23:27:04.933,True,True
1005266892,0.27230000,43.00000000,11.70890000,2025-02-15 23:27:04.933,True,True
1005266893,0.27230000,4.00000000,1.08920000,2025-02-15 23:27:04.933,True,True
1005266894,0.27230000,28.00000000,7.62440000,2025-02-15 23:27:06.983,False,True
1005266895,0.27230000,90.00000000,24.50700000,2025-02-15 23:27:07.182,False,True
1005266896,0.27229000,36.00000000,9.80244000,2025-02-15 23:27:08.785,True,True
1005266897,0.27229000,36.00000000,9.80244000,2025-02-15 23:27:08.785,True,True
1005266898,0.27229000,22.00000000,5.99038000,2025-02-15 23:27:08.785,True,True
1005266899,0.27229000,4.00000000,1.08916000,2025-02-15 23:27:08.785,True,True
1005266900,0.27229000,4.00000000,1.08916000,2025-02-15 23:27:08.785,True,True
1005266901,0.27229000,4.00000000,1.08916000,2025-02-15 23:27:08.785,True,True
1005266902,0.27229000,139.00000000,37.84831000,2025-02-15 23:27:08.785,True,True
1005266903,0.27229000,375.00000000,102.10875000,2025-02-15 23:27:08.801,True,True
1005266904,0.27229000,8.00000000,2.17832000,2025-02-15 23:27:08.801,True,True
1005266905,0.27229000,303.00000000,82.50387000,2025-02-15 23:27:08.801,True,True
1005266906,0.27229000,496.00000000,135.05584000,2025-02-15 23:27:08.818,True,True
1005266907,0.27229000,4.00000000,1.08916000,2025-02-15 23:27:08.818,True,True
1005266908,0.27229000,4.00000000,1.08916000,2025-02-15 23:27:08.818,True,True
1005266909,0.27229000,4.00000000,1.08916000,2025-02-15 23:27:08.818,True,True
1005266910,0.27228000,59.00000000,16.06452000,2025-02-15 23:27:09.401,True,True
1005266911,0.27228000,52.00000000,14.15856000,2025-02-15 23:27:09.690,True,True
1005266912,0.27228000,4.00000000,1.08912000,2025-02-15 23:27:09.690,True,True
1005266913,0.27228000,4.00000000,1.08912000,2025-02-15 23:27:09.690,True,True
1005266914,0.27228000,2.00000000,0.54456000,2025-02-15 23:27:09.690,True,True
1005266915,0.27228000,2.00000000,0.54456000,2025-02-15 23:27:09.700,True,True
1005266916,0.27228000,114.00000000,31.03992000,2025-02-15 23:27:09.700,True,True
1005266917,0.27228000,202.00000000,55.00056000,2025-02-15 23:27:09.707,True,True
1005266918,0.27228000,4.00000000,1.08912000,2025-02-15 23:27:09.707,True,True
1005266919,0.27228000,4.00000000,1.08912000,2025-02-15 23:27:09.707,True,True
1005266920,0.27228000,4.00000000,1.08912000,2025-02-15 23:27:09.755,True,True
1005266921,0.27228000,4.00000000,1.08912000,2025-02-15 23:27:09.755,True,True
1005266922,0.27228000,4.00000000,1.08912000,2025-02-15 23:27:09.755,True,True
1005266923,0.27227000,4.00000000,1.08908000,2025-02-15 23:27:09.802,True,True
1005266924,0.27227000,4.00000000,1.08908000,2025-02-15 23:27:09.802,True,True
1005266925,0.27227000,4.00000000,1.08908000,2025-02-15 23:27:09.802,True,True
1005266926,0.27226000,4.00000000,1.08904000,2025-02-15 23:27:09.806,True,True
1005266927,0.27226000,4.00000000,1.08904000,2025-02-15 23:27:09.806,True,True
1005266928,0.27226000,4.00000000,1.08904000,2025-02-15 23:27:09.806,True,True
1005266929,0.27225000,4.00000000,1.08900000,2025-02-15 23:27:09.806,True,True
1005266930,0.27225000,4.00000000,1.08900000,2025-02-15 23:27:09.806,True,True
1005266931,0.27224000,984.00000000,267.88416000,2025-02-15 23:27:09.806,True,True
1005266932,0.27224000,1700.00000000,462.80800000,2025-02-15 23:27:09.806,True,True
1005266933,0.27224000,4.00000000,1.08896000,2025-02-15 23:27:09.806,True,True
1005266934,0.27224000,36.00000000,9.80064000,2025-02-15 23:27:09.806,True,True
1005266935,0.27224000,36.00000000,9.80064000,2025-02-15 23:27:09.806,True,True
1005266936,0.27223000,36.00000000,9.80028000,2025-02-15 23:27:09.806,True,True
1005266937,0.27223000,36.00000000,9.80028000,2025-02-15 23:27:09.806,True,True
1005266938,0.27223000,6.00000000,1.63338000,2025-02-15 23:27:09.806,True,True
1005266939,0.27223000,4.00000000,1.08892000,2025-02-15 23:27:09.806,True,True
1005266940,0.27222000,36.00000000,9.79992000,2025-02-15 23:27:10.016,True,True
1005266941,0.27222000,36.00000000,9.79992000,2025-02-15 23:27:10.016,True,True
1005266942,0.27222000,28.00000000,7.62216000,2025-02-15 23:27:10.016,True,True
1005266943,0.27222000,66.00000000,17.96652000,2025-02-15 23:27:12.675,True,True
1005266944,0.27222000,22.00000000,5.98884000,2025-02-15 23:27:13.390,True,True
1005266945,0.27222000,186.00000000,50.63292000,2025-02-15 23:27:13.392,True,True
1005266946,0.27222000,4.00000000,1.08888000,2025-02-15 23:27:13.503,True,True
1005266947,0.27222000,4.00000000,1.08888000,2025-02-15 23:27:13.503,True,True
1005266948,0.27222000,4.00000000,1.08888000,2025-02-15 23:27:13.503,True,True
1005266949,0.27222000,69.00000000,18.78318000,2025-02-15 23:27:13.503,True,True
1005266950,0.27221000,36.00000000,9.79956000,2025-02-15 23:27:13.510,True,True
1005266951,0.27221000,36.00000000,9.79956000,2025-02-15 23:27:13.510,True,True
1005266952,0.27221000,4.00000000,1.08884000,2025-02-15 23:27:13.510,True,True
1005266953,0.27221000,4.00000000,1.08884000,2025-02-15 23:27:13.510,True,True
1005266954,0.27222000,5.00000000,1.36110000,2025-02-15 23:27:13.679,False,True
1005266955,0.27221000,4.00000000,1.08884000,2025-02-15 23:27:16.754,True,True
1005266956,0.27221000,4.00000000,1.08884000,2025-02-15 23:27:16.754,True,True
1005266957,0.27221000,4.00000000,1.08884000,2025-02-15 23:27:16.754,True,True
1005266958,0.27221000,1637.00000000,445.60777000,2025-02-15 23:27:16.754,True,True
1005266959,0.27221000,18.00000000,4.89978000,2025-02-15 23:27:16.754,True,True
1005266960,0.27221000,3333.00000000,907.27593000,2025-02-15 23:27:16.754,True,True
1005266961,0.27221000,21.00000000,5.71641000,2025-02-15 23:27:17.939,True,True
1005266962,0.27221000,33.00000000,8.98293000,2025-02-15 23:27:17.939,True,True
1005266963,0.27221000,4.00000000,1.08884000,2025-02-15 23:27:17.939,True,True
1005266964,0.27221000,4.00000000,1.08884000,2025-02-15 23:27:17.939,True,True
1005266965,0.27221000,4.00000000,1.08884000,2025-02-15 23:27:17.939,True,True
1005266966,0.27221000,9.00000000,2.44989000,2025-02-15 23:27:17.939,True,True
1005266967,0.27221000,143.00000000,38.92603000,2025-02-15 23:27:20.181,True,True
1005266968,0.27221000,4.00000000,1.08884000,2025-02-15 23:27:20.380,True,True
1005266969,0.27222000,16.00000000,4.35552000,2025-02-15 23:27:20.404,False,True
1005266970,0.27221000,1481.00000000,403.14301000,2025-02-15 23:27:20.631,True,True
1005266971,0.27221000,5216.00000000,1419.84736000,2025-02-15 23:27:20.631,True,True
1005266972,0.27221000,5.00000000,1.36105000,2025-02-15 23:27:20.631,True,True
1005266973,0.27221000,898.00000000,244.44458000,2025-02-15 23:27:20.631,True,True
1005266974,0.27221000,4.00000000,1.08884000,2025-02-15 23:27:22.460,True,True
1005266975,0.27221000,4.00000000,1.08884000,2025-02-15 23:27:22.460,True,True
1005266976,0.27221000,4.00000000,1.08884000,2025-02-15 23:27:22.460,True,True
1005266977,0.27221000,28.00000000,7.62188000,2025-02-15 23:27:22.460,True,True
1005266978,0.27221000,23.00000000,6.26083000,2025-02-15 23:27:25.689,True,True
1005266979,0.27221000,5.00000000,1.36105000,2025-02-15 23:27:25.689,True,True
1005266980,0.27221000,28.00000000,7.62188000,2025-02-15 23:27:25.689,True,True
1005266981,0.27221000,100.00000000,27.22100000,2025-02-15 23:27:27.511,True,True
1005266982,0.27221000,4.00000000,1.08884000,2025-02-15 23:27:28.096,True,True
1005266983,0.27221000,4.00000000,1.08884000,2025-02-15 23:27:28.096,True,True
1005266984,0.27221000,4.00000000,1.08884000,2025-02-15 23:27:28.096,True,True
1005266985,0.27221000,4.00000000,1.08884000,2025-02-15 23:27:28.096,True,True
1005266986,0.27221000,63.00000000,17.14923000,2025-02-15 23:27:28.096,True,True
1005266987,0.27221000,44.00000000,11.97724000,2025-02-15 23:27:28.096,True,True
1005266988,0.27221000,8.00000000,2.17768000,2025-02-15 23:27:28.096,True,True
1005266989,0.27221000,81.00000000,22.04901000,2025-02-15 23:27:28.104,True,True
1005266990,0.27221000,85.00000000,23.13785000,2025-02-15 23:27:28.111,True,True
1005266991,0.27221000,4.00000000,1.08884000,2025-02-15 23:27:28.111,True,True
1005266992,0.27221000,4.00000000,1.08884000,2025-02-15 23:27:28.111,True,True
1005266993,0.27221000,4.00000000,1.08884000,2025-02-15 23:27:28.111,True,True
1005266994,0.27221000,152.00000000,41.37592000,2025-02-15 23:27:31.409,False,True
1005266995,0.27221000,39.00000000,10.61619000,2025-02-15 23:27:31.518,False,True
1005266996,0.27221000,4.00000000,1.08884000,2025-02-15 23:27:31.518,False,True
1005266997,0.27221000,57.00000000,15.51597000,2025-02-15 23:27:31.518,False,True
1005266998,0.27220000,36.00000000,9.79920000,2025-02-15 23:27:33.422,True,True
1005266999,0.27220000,36.00000000,9.79920000,2025-02-15 23:27:33.422,True,True
1005267000,0.27220000,73.00000000,19.87060000,2025-02-15 23:27:33.422,True,True
1005267001,0.27220000,31.00000000,8.43820000,2025-02-15 23:27:33.422,True,True
1005267002,0.27220000,4.00000000,1.08880000,2025-02-15 23:27:35.083,True,True
1005267003,0.27221000,667.00000000,181.56407000,2025-02-15 23:27:35.410,False,True
1005267004,0.27220000,42.00000000,11.43240000,2025-02-15 23:27:42.246,True,True
1005267005,0.27220000,34.00000000,9.25480000,2025-02-15 23:27:42.740,True,True
1005267006,0.27220000,4.00000000,1.08880000,2025-02-15 23:27:42.740,True,True
1005267007,0.27220000,4.00000000,1.08880000,2025-02-15 23:27:42.740,True,True
1005267008,0.27220000,4.00000000,1.08880000,2025-02-15 23:27:42.740,True,True
1005267009,0.27220000,1637.00000000,445.59140000,2025-02-15 23:27:42.740,True,True
1005267010,0.27220000,94.00000000,25.58680000,2025-02-15 23:27:42.740,True,True
1005267011,0.27220000,7.00000000,1.90540000,2025-02-15 23:27:42.740,True,True
1005267012,0.27220000,7373.00000000,2006.93060000,2025-02-15 23:27:42.740,True,True
1005267013,0.27220000,5230.00000000,1423.60600000,2025-02-15 23:27:42.740,True,True
1005267014,0.27220000,2887.00000000,785.84140000,2025-02-15 23:27:42.740,True,True
1005267015,0.27220000,42.00000000,11.43240000,2025-02-15 23:27:45.699,True,True
1005267016,0.27220000,222.00000000,60.42840000,2025-02-15 23:27:46.068,True,True
1005267017,0.27221000,150.00000000,40.83150000,2025-02-15 23:27:49.429,False,True
1005267018,0.27221000,18.00000000,4.89978000,2025-02-15 23:27:51.004,False,True
1005267019,0.27220000,29.00000000,7.89380000,2025-02-15 23:27:53.700,True,True
1005267020,0.27220000,937.00000000,255.05140000,2025-02-15 23:27:55.769,True,True
1005267021,0.27221000,341.00000000,92.82361000,2025-02-15 23:27:57.223,False,True
1005267022,0.27221000,4.00000000,1.08884000,2025-02-15 23:28:00.068,False,True
1005267023,0.27221000,4.00000000,1.08884000,2025-02-15 23:28:00.809,False,True
1005267024,0.27221000,1059.00000000,288.27039000,2025-02-15 23:28:00.809,False,True
1005267025,0.27220000,16.00000000,4.35520000,2025-02-15 23:28:03.330,True,True
1005267026,0.27221000,18.00000000,4.89978000,2025-02-15 23:28:06.477,False,True
1005267027,0.27221000,49.00000000,13.33829000,2025-02-15 23:28:07.144,False,True
1005267028,0.27220000,120.00000000,32.66400000,2025-02-15 23:28:08.951,True,True
1005267029,0.27220000,4.00000000,1.08880000,2025-02-15 23:28:08.951,True,True
1005267030,0.27220000,4.00000000,1.08880000,2025-02-15 23:28:08.951,True,True
1005267031,0.27220000,4.00000000,1.08880000,2025-02-15 23:28:08.951,True,True
1005267032,0.27220000,360.00000000,97.99200000,2025-02-15 23:28:08.951,True,True
1005267033,0.27221000,4.00000000,1.08884000,2025-02-15 23:28:09.178,False,True
1005267034,0.27221000,13423.00000000,3653.87483000,2025-02-15 23:28:09.178,False,True
1005267035,0.27221000,4.00000000,1.08884000,2025-02-15 23:28:09.178,False,True
1005267036,0.27221000,55.00000000,14.97155000,2025-02-15 23:28:09.178,False,True
1005267037,0.27221000,2682.00000000,730.06722000,2025-02-15 23:28:09.178,False,True
1005267038,0.27221000,2268.00000000,617.37228000,2025-02-15 23:28:09.179,False,True
1005267039,0.27221000,307.00000000,83.56847000,2025-02-15 23:28:09.180,False,True
1005267040,0.27221000,3113.00000000,847.38973000,2025-02-15 23:28:09.180,False,True
1005267041,0.27221000,2382.00000000,648.40422000,2025-02-15 23:28:09.180,False,True
1005267042,0.27221000,42.00000000,11.43282000,2025-02-15 23:28:09.180,False,True
1005267043,0.27221000,88.00000000,23.95448000,2025-02-15 23:28:09.180,False,True
1005267044,0.27221000,4.00000000,1.08884000,2025-02-15 23:28:09.180,False,True
1005267045,0.27221000,4.00000000,1.08884000,2025-02-15 23:28:09.180,False,True
1005267046,0.27221000,4.00000000,1.08884000,2025-02-15 23:28:09.180,False,True
1005267047,0.27221000,401.00000000,109.15621000,2025-02-15 23:28:09.180,False,True
1005267048,0.27221000,758.00000000,206.33518000,2025-02-15 23:28:09.180,False,True
1005267049,0.27221000,485.00000000,132.02185000,2025-02-15 23:28:09.180,False,True
1005267050,0.27221000,4.00000000,1.08884000,2025-02-15 23:28:09.181,False,True
1005267051,0.27221000,4.00000000,1.08884000,2025-02-15 23:28:09.181,False,True
1005267052,0.27221000,4.00000000,1.08884000,2025-02-15 23:28:09.181,False,True
1005267053,0.27222000,4.00000000,1.08888000,2025-02-15 23:28:09.182,False,True
1005267054,0.27222000,6.00000000,1.63332000,2025-02-15 23:28:09.182,False,True
1005267055,0.27222000,4.00000000,1.08888000,2025-02-15 23:28:09.182,False,True
1005267056,0.27222000,4.00000000,1.08888000,2025-02-15 23:28:09.182,False,True
1005267057,0.27222000,4.00000000,1.08888000,2025-02-15 23:28:09.182,False,True
1005267058,0.27223000,4.00000000,1.08892000,2025-02-15 23:28:09.729,False,True
1005267059,0.27223000,4.00000000,1.08892000,2025-02-15 23:28:09.729,False,True
1005267060,0.27223000,4.00000000,1.08892000,2025-02-15 23:28:09.729,False,True
1005267061,0.27223000,4.00000000,1.08892000,2025-02-15 23:28:09.729,False,True
1005267062,0.27223000,4.00000000,1.08892000,2025-02-15 23:28:09.729,False,True
1005267063,0.27223000,4.00000000,1.08892000,2025-02-15 23:28:09.729,False,True
1005267064,0.27224000,4.00000000,1.08896000,2025-02-15 23:28:09.729,False,True
1005267065,0.27224000,27.00000000,7.35048000,2025-02-15 23:28:09.729,False,True
1005267066,0.27224000,9.00000000,2.45016000,2025-02-15 23:28:11.520,False,True
1005267067,0.27224000,36.00000000,9.80064000,2025-02-15 23:28:11.520,False,True
1005267068,0.27224000,4.00000000,1.08896000,2025-02-15 23:28:11.520,False,True
1005267069,0.27224000,4.00000000,1.08896000,2025-02-15 23:28:11.520,False,True
1005267070,0.27224000,4.00000000,1.08896000,2025-02-15 23:28:11.520,False,True
1005267071,0.27224000,4.00000000,1.08896000,2025-02-15 23:28:11.520,False,True
1005267072,0.27224000,4.00000000,1.08896000,2025-02-15 23:28:11.520,False,True
1005267073,0.27224000,4.00000000,1.08896000,2025-02-15 23:28:11.520,False,True
1005267074,0.27225000,4.00000000,1.08900000,2025-02-15 23:28:11.524,False,True
1005267075,0.27225000,36.00000000,9.80100000,2025-02-15 23:28:11.524,False,True
1005267076,0.27225000,36.00000000,9.80100000,2025-02-15 23:28:11.524,False,True
1005267077,0.27225000,4.00000000,1.08900000,2025-02-15 23:28:11.524,False,True
1005267078,0.27225000,4.00000000,1.08900000,2025-02-15 23:28:11.524,False,True
1005267079,0.27225000,4.00000000,1.08900000,2025-02-15 23:28:11.524,False,True
1005267080,0.27225000,4.00000000,1.08900000,2025-02-15 23:28:11.524,False,True
1005267081,0.27225000,4.00000000,1.08900000,2025-02-15 23:28:11.524,False,True
1005267082,0.27225000,184.00000000,50.09400000,2025-02-15 23:28:13.892,True,True
1005267083,0.27225000,15.00000000,4.08375000,2025-02-15 23:28:15.522,True,True
1005267084,0.27225000,4.00000000,1.08900000,2025-02-15 23:28:15.522,True,True
1005267085,0.27225000,4.00000000,1.08900000,2025-02-15 23:28:15.522,True,True
1005267086,0.27225000,4.00000000,1.08900000,2025-02-15 23:28:15.522,True,True
1005267087,0.27225000,120.00000000,32.67000000,2025-02-15 23:28:15.522,True,True
1005267088,0.27226000,4.00000000,1.08904000,2025-02-15 23:28:16.404,False,True
1005267089,0.27226000,4.00000000,1.08904000,2025-02-15 23:28:16.404,False,True
1005267090,0.27226000,4.00000000,1.08904000,2025-02-15 23:28:16.404,False,True
1005267091,0.27226000,39.00000000,10.61814000,2025-02-15 23:28:16.404,False,True
1005267092,0.27225000,102.00000000,27.76950000,2025-02-15 23:28:18.674,True,True
1005267093,0.27225000,147.00000000,40.02075000,2025-02-15 23:28:18.781,True,True
1005267094,0.27225000,95.00000000,25.86375000,2025-02-15 23:28:18.789,True,True
1005267095,0.27225000,245.00000000,66.70125000,2025-02-15 23:28:18.796,True,True
1005267096,0.27225000,736.00000000,200.37600000,2025-02-15 23:28:19.277,True,True
1005267097,0.27225000,4.00000000,1.08900000,2025-02-15 23:28:19.277,True,True
1005267098,0.27225000,4.00000000,1.08900000,2025-02-15 23:28:19.277,True,True
1005267099,0.27225000,4.00000000,1.08900000,2025-02-15 23:28:19.277,True,True
1005267100,0.27225000,32.00000000,8.71200000,2025-02-15 23:28:19.277,True,True
1005267101,0.27224000,4.00000000,1.08896000,2025-02-15 23:28:19.282,True,True
1005267102,0.27224000,4.00000000,1.08896000,2025-02-15 23:28:19.282,True,True
1005267103,0.27224000,4.00000000,1.08896000,2025-02-15 23:28:19.282,True,True
1005267104,0.27223000,1825.00000000,496.81975000,2025-02-15 23:28:19.282,True,True
1005267105,0.27223000,3675.00000000,1000.44525000,2025-02-15 23:28:19.283,True,True
1005267106,0.27223000,248.00000000,67.51304000,2025-02-15 23:28:19.283,True,True
1005267107,0.27223000,4.00000000,1.08892000,2025-02-15 23:28:21.089,True,True
1005267108,0.27223000,4.00000000,1.08892000,2025-02-15 23:28:21.089,True,True
1005267109,0.27223000,4.00000000,1.08892000,2025-02-15 23:28:21.089,True,True
1005267110,0.27223000,6.00000000,1.63338000,2025-02-15 23:28:21.089,True,True
1005267111,0.27223000,109.00000000,29.67307000,2025-02-15 23:28:21.191,True,True
1005267112,0.27223000,382.00000000,103.99186000,2025-02-15 23:28:21.191,True,True
1005267113,0.27223000,4.00000000,1.08892000,2025-02-15 23:28:21.191,True,True
1005267114,0.27223000,4.00000000,1.08892000,2025-02-15 23:28:21.191,True,True
1005267115,0.27223000,4.00000000,1.08892000,2025-02-15 23:28:21.191,True,True
1005267116,0.27222000,4.00000000,1.08888000,2025-02-15 23:28:21.191,True,True
1005267117,0.27222000,36.00000000,9.79992000,2025-02-15 23:28:21.191,True,True
1005267118,0.27222000,36.00000000,9.79992000,2025-02-15 23:28:21.191,True,True
1005267119,0.27221000,4.00000000,1.08884000,2025-02-15 23:28:21.191,True,True
1005267120,0.27221000,36.00000000,9.79956000,2025-02-15 23:28:21.191,True,True
1005267121,0.27221000,36.00000000,9.79956000,2025-02-15 23:28:21.191,True,True
1005267122,0.27221000,7.00000000,1.90547000,2025-02-15 23:28:21.191,True,True
1005267123,0.27221000,4076.00000000,1109.52796000,2025-02-15 23:28:21.191,True,True
1005267124,0.27221000,1625.00000000,442.34125000,2025-02-15 23:28:21.191,True,True
1005267125,0.27222000,4.00000000,1.08888000,2025-02-15 23:28:21.589,False,True
1005267126,0.27222000,2568.00000000,699.06096000,2025-02-15 23:28:21.589,False,True
1005267127,0.27222000,234.00000000,63.69948000,2025-02-15 23:28:25.544,False,True
1005267128,0.27222000,1834.00000000,499.25148000,2025-02-15 23:28:25.596,False,True
1005267129,0.27221000,4.00000000,1.08884000,2025-02-15 23:28:26.928,True,True
1005267130,0.27221000,4.00000000,1.08884000,2025-02-15 23:28:26.928,True,True
1005267131,0.27221000,4.00000000,1.08884000,2025-02-15 23:28:26.928,True,True
1005267132,0.27221000,6.00000000,1.63326000,2025-02-15 23:28:26.928,True,True
1005267133,0.27221000,277.00000000,75.40217000,2025-02-15 23:28:27.418,True,True
1005267134,0.27222000,4.00000000,1.08888000,2025-02-15 23:28:30.106,False,True
1005267135,0.27222000,4.00000000,1.08888000,2025-02-15 23:28:30.106,False,True
1005267136,0.27222000,4.00000000,1.08888000,2025-02-15 23:28:30.106,False,True
1005267137,0.27222000,4.00000000,1.08888000,2025-02-15 23:28:30.106,False,True
1005267138,0.27222000,4.00000000,1.08888000,2025-02-15 23:28:30.106,False,True
1005267139,0.27222000,71.00000000,19.32762000,2025-02-15 23:28:30.106,False,True
1005267140,0.27222000,3035.00000000,826.18770000,2025-02-15 23:28:30.106,False,True
1005267141,0.27222000,965.00000000,262.69230000,2025-02-15 23:28:30.106,False,True
1005267142,0.27222000,89.00000000,24.22758000,2025-02-15 23:28:30.106,False,True
1005267143,0.27222000,138.00000000,37.56636000,2025-02-15 23:28:30.106,False,True
1005267144,0.27222000,4.00000000,1.08888000,2025-02-15 23:28:30.106,False,True
1005267145,0.27222000,680.00000000,185.10960000,2025-02-15 23:28:31.673,True,True
1005267146,0.27222000,18.00000000,4.89996000,2025-02-15 23:28:31.925,True,True
1005267147,0.27223000,4.00000000,1.08892000,2025-02-15 23:28:32.710,False,True
1005267148,0.27223000,4.00000000,1.08892000,2025-02-15 23:28:32.710,False,True
1005267149,0.27223000,4.00000000,1.08892000,2025-02-15 23:28:32.710,False,True
1005267150,0.27223000,4.00000000,1.08892000,2025-02-15 23:28:32.710,False,True
1005267151,0.27223000,4.00000000,1.08892000,2025-02-15 23:28:32.710,False,True
1005267152,0.27223000,4.00000000,1.08892000,2025-02-15 23:28:32.710,False,True
1005267153,0.27224000,4.00000000,1.08896000,2025-02-15 23:28:42.452,False,True
1005267154,0.27224000,4.00000000,1.08896000,2025-02-15 23:28:42.452,False,True
1005267155,0.27224000,4.00000000,1.08896000,2025-02-15 23:28:42.452,False,True
1005267156,0.27224000,18.00000000,4.90032000,2025-02-15 23:28:42.452,False,True
1005267157,0.27224000,370.00000000,100.72880000,2025-02-15 23:28:42.752,False,True
1005266158,0.27242000,37.00000000,10.07954000,2025-02-15 23:24:04.335,True,True
1005266159,0.27242000,18.00000000,4.90356000,2025-02-15 23:24:04.340,True,True
1005266160,0.27242000,18.00000000,4.90356000,2025-02-15 23:24:04.342,True,True
1005266161,0.27242000,18.00000000,4.90356000,2025-02-15 23:24:04.343,True,True
1005266162,0.27243000,367.00000000,99.98181000,2025-02-15 23:24:04.880,False,True
1005266163,0.27242000,401.00000000,109.24042000,2025-02-15 23:24:05.609,True,True
1005266164,0.27242000,4.00000000,1.08968000,2025-02-15 23:24:05.609,True,True
1005266165,0.27242000,4.00000000,1.08968000,2025-02-15 23:24:05.609,True,True
1005266166,0.27242000,4.00000000,1.08968000,2025-02-15 23:24:05.609,True,True
1005266167,0.27242000,4.00000000,1.08968000,2025-02-15 23:24:05.609,True,True
1005266168,0.27242000,4.00000000,1.08968000,2025-02-15 23:24:05.609,True,True
1005266169,0.27242000,120.00000000,32.69040000,2025-02-15 23:24:05.609,True,True
1005266170,0.27242000,4.00000000,1.08968000,2025-02-15 23:24:05.611,True,True
1005266171,0.27241000,4.00000000,1.08964000,2025-02-15 23:24:05.611,True,True
1005266172,0.27241000,4.00000000,1.08964000,2025-02-15 23:24:05.611,True,True
1005266173,0.27241000,4.00000000,1.08964000,2025-02-15 23:24:05.611,True,True
1005266174,0.27241000,4.00000000,1.08964000,2025-02-15 23:24:05.611,True,True
1005266175,0.27241000,367.00000000,99.97447000,2025-02-15 23:24:05.969,False,True
1005266176,0.27240000,4.00000000,1.08960000,2025-02-15 23:24:06.054,True,True
1005266177,0.27240000,4.00000000,1.08960000,2025-02-15 23:24:06.054,True,True
1005266178,0.27240000,4.00000000,1.08960000,2025-02-15 23:24:06.054,True,True
1005266179,0.27240000,4.00000000,1.08960000,2025-02-15 23:24:06.054,True,True
1005266180,0.27240000,4.00000000,1.08960000,2025-02-15 23:24:06.054,True,True
1005266181,0.27240000,4.00000000,1.08960000,2025-02-15 23:24:06.054,True,True
1005266182,0.27239000,36.00000000,9.80604000,2025-02-15 23:24:06.061,True,True
1005266183,0.27239000,36.00000000,9.80604000,2025-02-15 23:24:06.061,True,True
1005266184,0.27239000,4.00000000,1.08956000,2025-02-15 23:24:06.061,True,True
1005266185,0.27239000,4.00000000,1.08956000,2025-02-15 23:24:06.061,True,True
1005266186,0.27239000,4.00000000,1.08956000,2025-02-15 23:24:06.061,True,True
1005266187,0.27239000,4.00000000,1.08956000,2025-02-15 23:24:06.061,True,True
1005266188,0.27239000,4.00000000,1.08956000,2025-02-15 23:24:06.061,True,True
1005266189,0.27239000,4.00000000,1.08956000,2025-02-15 23:24:06.067,True,True
1005266190,0.27239000,4.00000000,1.08956000,2025-02-15 23:24:06.067,True,True
1005266191,0.27239000,4.00000000,1.08956000,2025-02-15 23:24:06.067,True,True
1005266192,0.27239000,4.00000000,1.08956000,2025-02-15 23:24:06.067,True,True
1005266193,0.27239000,4.00000000,1.08956000,2025-02-15 23:24:06.067,True,True
1005266194,0.27239000,4.00000000,1.08956000,2025-02-15 23:24:06.067,True,True
1005266195,0.27238000,73.00000000,19.88374000,2025-02-15 23:24:06.067,True,True
1005266196,0.27238000,36.00000000,9.80568000,2025-02-15 23:24:06.067,True,True
1005266197,0.27238000,36.00000000,9.80568000,2025-02-15 23:24:06.067,True,True
1005266198,0.27238000,4.00000000,1.08952000,2025-02-15 23:24:06.067,True,True
1005266199,0.27238000,4.00000000,1.08952000,2025-02-15 23:24:06.067,True,True
1005266200,0.27238000,4.00000000,1.08952000,2025-02-15 23:24:06.067,True,True
1005266201,0.27238000,4.00000000,1.08952000,2025-02-15 23:24:06.067,True,True
1005266202,0.27237000,7319.00000000,1993.47603000,2025-02-15 23:24:06.110,True,True
1005266203,0.27237000,2681.00000000,730.22397000,2025-02-15 23:24:06.110,True,True
1005266204,0.27237000,3822.00000000,1040.99814000,2025-02-15 23:24:06.111,True,True
1005266205,0.27237000,36.00000000,9.80532000,2025-02-15 23:24:06.111,True,True
1005266206,0.27237000,36.00000000,9.80532000,2025-02-15 23:24:06.111,True,True
1005266207,0.27237000,4.00000000,1.08948000,2025-02-15 23:24:06.111,True,True
1005266208,0.27237000,4.00000000,1.08948000,2025-02-15 23:24:06.111,True,True
1005266209,0.27237000,4.00000000,1.08948000,2025-02-15 23:24:06.111,True,True
1005266210,0.27237000,4.00000000,1.08948000,2025-02-15 23:24:06.111,True,True
1005266211,0.27237000,4.00000000,1.08948000,2025-02-15 23:24:06.111,True,True
1005266212,0.27237000,1086.00000000,295.79382000,2025-02-15 23:24:06.111,True,True
1005266213,0.27237000,4.00000000,1.08948000,2025-02-15 23:24:06.280,True,True
1005266214,0.27237000,4.00000000,1.08948000,2025-02-15 23:24:06.280,True,True
1005266215,0.27237000,4.00000000,1.08948000,2025-02-15 23:24:06.280,True,True
1005266216,0.27237000,2.00000000,0.54474000,2025-02-15 23:24:06.280,True,True
1005266217,0.27237000,2.00000000,0.54474000,2025-02-15 23:24:08.170,True,True
1005266218,0.27237000,4.00000000,1.08948000,2025-02-15 23:24:08.170,True,True
1005266219,0.27237000,4.00000000,1.08948000,2025-02-15 23:24:08.170,True,True
1005266220,0.27237000,4.00000000,1.08948000,2025-02-15 23:24:08.170,True,True
1005266221,0.27237000,4.00000000,1.08948000,2025-02-15 23:24:08.170,True,True
1005266222,0.27237000,232.00000000,63.18984000,2025-02-15 23:24:08.170,True,True
1005266223,0.27237000,4.00000000,1.08948000,2025-02-15 23:24:08.172,True,True
1005266224,0.27236000,36.00000000,9.80496000,2025-02-15 23:24:08.326,True,True
1005266225,0.27236000,36.00000000,9.80496000,2025-02-15 23:24:08.326,True,True
1005266226,0.27236000,111.00000000,30.23196000,2025-02-15 23:24:08.326,True,True
1005266227,0.27236000,4.00000000,1.08944000,2025-02-15 23:24:08.326,True,True
1005266228,0.27236000,4.00000000,1.08944000,2025-02-15 23:24:08.326,True,True
1005266229,0.27236000,4.00000000,1.08944000,2025-02-15 23:24:08.326,True,True
1005266230,0.27236000,4.00000000,1.08944000,2025-02-15 23:24:08.326,True,True
1005266231,0.27236000,4.00000000,1.08944000,2025-02-15 23:24:08.326,True,True
1005266232,0.27236000,4.00000000,1.08944000,2025-02-15 23:24:08.328,True,True
1005266233,0.27235000,36.00000000,9.80460000,2025-02-15 23:24:08.328,True,True
1005266234,0.27235000,32.00000000,8.71520000,2025-02-15 23:24:08.328,True,True
1005266235,0.27235000,4.00000000,1.08940000,2025-02-15 23:24:08.585,True,True
1005266236,0.27235000,4.00000000,1.08940000,2025-02-15 23:24:08.585,True,True
1005266237,0.27235000,4.00000000,1.08940000,2025-02-15 23:24:08.585,True,True
1005266238,0.27235000,4.00000000,1.08940000,2025-02-15 23:24:08.585,True,True
1005266239,0.27235000,4.00000000,1.08940000,2025-02-15 23:24:08.585,True,True
1005266240,0.27235000,4.00000000,1.08940000,2025-02-15 23:24:08.585,True,True
1005266241,0.27235000,49.00000000,13.34515000,2025-02-15 23:24:08.585,True,True
1005266242,0.27235000,5.00000000,1.36175000,2025-02-15 23:24:09.114,True,True
1005266243,0.27235000,4.00000000,1.08940000,2025-02-15 23:24:09.114,True,True
1005266244,0.27235000,4.00000000,1.08940000,2025-02-15 23:24:09.114,True,True
1005266245,0.27235000,4.00000000,1.08940000,2025-02-15 23:24:09.114,True,True
1005266246,0.27235000,4.00000000,1.08940000,2025-02-15 23:24:09.114,True,True
1005266247,0.27235000,4.00000000,1.08940000,2025-02-15 23:24:09.114,True,True
1005266248,0.27235000,116.00000000,31.59260000,2025-02-15 23:24:09.114,True,True
1005266249,0.27235000,4.00000000,1.08940000,2025-02-15 23:24:09.114,True,True
1005266250,0.27234000,36.00000000,9.80424000,2025-02-15 23:24:09.114,True,True
1005266251,0.27234000,36.00000000,9.80424000,2025-02-15 23:24:09.114,True,True
1005266252,0.27234000,4.00000000,1.08936000,2025-02-15 23:24:09.114,True,True
1005266253,0.27234000,4.00000000,1.08936000,2025-02-15 23:24:09.114,True,True
1005266254,0.27234000,4.00000000,1.08936000,2025-02-15 23:24:09.114,True,True
1005266255,0.27234000,4.00000000,1.08936000,2025-02-15 23:24:09.114,True,True
1005266256,0.27234000,4.00000000,1.08936000,2025-02-15 23:24:09.114,True,True
1005266257,0.27233000,36.00000000,9.80388000,2025-02-15 23:24:09.114,True,True
1005266258,0.27233000,36.00000000,9.80388000,2025-02-15 23:24:09.114,True,True
1005266259,0.27233000,4.00000000,1.08932000,2025-02-15 23:24:09.114,True,True
1005266260,0.27233000,4.00000000,1.08932000,2025-02-15 23:24:09.114,True,True
1005266261,0.27233000,4.00000000,1.08932000,2025-02-15 23:24:09.114,True,True
1005266262,0.27233000,4.00000000,1.08932000,2025-02-15 23:24:09.114,True,True
1005266263,0.27233000,6412.00000000,1746.17996000,2025-02-15 23:24:09.357,False,True
1005266264,0.27233000,4403.00000000,1199.06899000,2025-02-15 23:24:09.357,False,True
1005266265,0.27233000,5260.00000000,1432.45580000,2025-02-15 23:24:09.357,False,True
1005266266,0.27233000,6860.00000000,1868.18380000,2025-02-15 23:24:09.357,False,True
1005266267,0.27233000,1637.00000000,445.80421000,2025-02-15 23:24:09.357,False,True
1005266268,0.27233000,7373.00000000,2007.88909000,2025-02-15 23:24:09.357,False,True
1005266269,0.27233000,4183.00000000,1139.15639000,2025-02-15 23:24:09.357,False,True
1005266270,0.27233000,4.00000000,1.08932000,2025-02-15 23:24:09.357,False,True
1005266271,0.27233000,1471.00000000,400.59743000,2025-02-15 23:24:09.357,False,True
1005266272,0.27233000,4.00000000,1.08932000,2025-02-15 23:24:09.357,False,True
1005266273,0.27233000,4.00000000,1.08932000,2025-02-15 23:24:09.357,False,True
1005266274,0.27233000,3791.00000000,1032.40303000,2025-02-15 23:24:09.357,False,True
1005266275,0.27233000,4.00000000,1.08932000,2025-02-15 23:24:09.357,False,True
1005266276,0.27233000,4.00000000,1.08932000,2025-02-15 23:24:09.357,False,True
1005266277,0.27233000,4.00000000,1.08932000,2025-02-15 23:24:09.357,False,True
1005266278,0.27234000,7373.00000000,2007.96282000,2025-02-15 23:24:09.357,False,True
1005266279,0.27234000,1637.00000000,445.82058000,2025-02-15 23:24:09.357,False,True
1005266280,0.27234000,4.00000000,1.08936000,2025-02-15 23:24:09.357,False,True
1005266281,0.27234000,3677.00000000,1001.39418000,2025-02-15 23:24:09.357,False,True
1005266282,0.27234000,4183.00000000,1139.19822000,2025-02-15 23:24:09.357,False,True
1005266283,0.27234000,5216.00000000,1420.52544000,2025-02-15 23:24:09.357,False,True
1005266284,0.27234000,9377.00000000,2553.73218000,2025-02-15 23:24:09.357,False,True
1005266285,0.27234000,1836.00000000,500.01624000,2025-02-15 23:24:09.357,False,True
1005266286,0.27234000,4.00000000,1.08936000,2025-02-15 23:24:09.357,False,True
1005266287,0.27234000,4.00000000,1.08936000,2025-02-15 23:24:09.357,False,True
1005266288,0.27234000,66.00000000,17.97444000,2025-02-15 23:24:09.357,False,True
1005266289,0.27234000,51.00000000,13.88934000,2025-02-15 23:24:11.572,False,True
1005266290,0.27233000,90.00000000,24.50970000,2025-02-15 23:24:11.972,True,True
1005266291,0.27233000,80.00000000,21.78640000,2025-02-15 23:24:12.294,True,True
1005266292,0.27233000,1550.00000000,422.11150000,2025-02-15 23:24:13.669,True,True
1005266293,0.27233000,50.00000000,13.61650000,2025-02-15 23:24:13.918,True,True
1005266294,0.27233000,4.00000000,1.08932000,2025-02-15 23:24:15.106,True,True
1005266295,0.27233000,4.00000000,1.08932000,2025-02-15 23:24:15.106,True,True
1005266296,0.27233000,4.00000000,1.08932000,2025-02-15 23:24:15.106,True,True
1005266297,0.27233000,4.00000000,1.08932000,2025-02-15 23:24:15.106,True,True
1005266298,0.27233000,4.00000000,1.08932000,2025-02-15 23:24:15.106,True,True
1005266299,0.27233000,75.00000000,20.42475000,2025-02-15 23:24:15.106,True,True
1005266300,0.27233000,329.00000000,89.59657000,2025-02-15 23:24:15.106,True,True
1005266301,0.27234000,85.00000000,23.14890000,2025-02-15 23:24:15.145,False,True
1005266302,0.27233000,890.00000000,242.37370000,2025-02-15 23:24:16.144,True,True
1005266303,0.27233000,2800.00000000,762.52400000,2025-02-15 23:24:21.874,True,True
1005266304,0.27233000,1000.00000000,272.33000000,2025-02-15 23:24:23.220,True,True
1005266305,0.27233000,2048.00000000,557.73184000,2025-02-15 23:24:23.779,True,True
1005266306,0.27233000,1850.00000000,503.81050000,2025-02-15 23:24:23.786,True,True
1005266307,0.27233000,1754.00000000,477.66682000,2025-02-15 23:24:24.027,True,True
1005266308,0.27233000,1516.00000000,412.85228000,2025-02-15 23:24:24.027,True,True
1005266309,0.27233000,15.00000000,4.08495000,2025-02-15 23:24:24.027,True,True
1005266310,0.27233000,81.00000000,22.05873000,2025-02-15 23:24:24.027,True,True
1005266311,0.27233000,4.00000000,1.08932000,2025-02-15 23:24:24.027,True,True
1005266312,0.27233000,4.00000000,1.08932000,2025-02-15 23:24:24.027,True,True
1005266313,0.27233000,4.00000000,1.08932000,2025-02-15 23:24:24.027,True,True
1005266314,0.27233000,4.00000000,1.08932000,2025-02-15 23:24:24.027,True,True
1005266315,0.27233000,134.00000000,36.49222000,2025-02-15 23:24:24.027,True,True
1005266316,0.27233000,50.00000000,13.61650000,2025-02-15 23:24:24.027,True,True
1005266317,0.27232000,4.00000000,1.08928000,2025-02-15 23:24:24.402,True,True
1005266318,0.27232000,4.00000000,1.08928000,2025-02-15 23:24:24.402,True,True
1005266319,0.27232000,4.00000000,1.08928000,2025-02-15 23:24:24.402,True,True
1005266320,0.27232000,4.00000000,1.08928000,2025-02-15 23:24:24.402,True,True
1005266321,0.27232000,4.00000000,1.08928000,2025-02-15 23:24:24.402,True,True
1005266322,0.27232000,4.00000000,1.08928000,2025-02-15 23:24:24.402,True,True
1005266323,0.27232000,614.00000000,167.20448000,2025-02-15 23:24:24.412,False,True
1005266324,0.27231000,4.00000000,1.08924000,2025-02-15 23:24:24.624,True,True
1005266325,0.27231000,4.00000000,1.08924000,2025-02-15 23:24:24.624,True,True
1005266326,0.27231000,4.00000000,1.08924000,2025-02-15 23:24:24.624,True,True
1005266327,0.27230000,4.00000000,1.08920000,2025-02-15 23:24:24.626,True,True
1005266328,0.27229000,36.00000000,9.80244000,2025-02-15 23:24:24.649,True,True
1005266329,0.27229000,36.00000000,9.80244000,2025-02-15 23:24:24.649,True,True
1005266330,0.27229000,4.00000000,1.08916000,2025-02-15 23:24:24.649,True,True
1005266331,0.27229000,4.00000000,1.08916000,2025-02-15 23:24:24.649,True,True
1005266332,0.27229000,4.00000000,1.08916000,2025-02-15 23:24:24.649,True,True
1005266333,0.27228000,36.00000000,9.80208000,2025-02-15 23:24:24.692,True,True
1005266334,0.27228000,36.00000000,9.80208000,2025-02-15 23:24:24.692,True,True
1005266335,0.27228000,111.00000000,30.22308000,2025-02-15 23:24:24.692,True,True
1005266336,0.27228000,4.00000000,1.08912000,2025-02-15 23:24:24.692,True,True
1005266337,0.27228000,4.00000000,1.08912000,2025-02-15 23:24:24.692,True,True
1005266338,0.27228000,4.00000000,1.08912000,2025-02-15 23:24:24.692,True,True
1005266339,0.27227000,36.00000000,9.80172000,2025-02-15 23:24:24.692,True,True
1005266340,0.27227000,36.00000000,9.80172000,2025-02-15 23:24:24.692,True,True
1005266341,0.27227000,4.00000000,1.08908000,2025-02-15 23:24:24.692,True,True
1005266342,0.27227000,4.00000000,1.08908000,2025-02-15 23:24:24.692,True,True
1005266343,0.27226000,36.00000000,9.80136000,2025-02-15 23:24:24.692,True,True
1005266344,0.27226000,36.00000000,9.80136000,2025-02-15 23:24:24.692,True,True
1005266345,0.27226000,6.00000000,1.63356000,2025-02-15 23:24:24.692,True,True
1005266346,0.27226000,1285.00000000,349.85410000,2025-02-15 23:24:24.692,True,True
1005266347,0.27226000,4.00000000,1.08904000,2025-02-15 23:24:24.692,True,True
1005266348,0.27225000,3358.00000000,914.21550000,2025-02-15 23:24:24.692,True,True
1005266349,0.27225000,825.00000000,224.60625000,2025-02-15 23:24:24.692,True,True
1005266350,0.27225000,26.00000000,7.07850000,2025-02-15 23:24:24.692,True,True
1005266351,0.27225000,4.00000000,1.08900000,2025-02-15 23:24:24.692,True,True
1005266352,0.27225000,36.00000000,9.80100000,2025-02-15 23:24:24.692,True,True
1005266353,0.27225000,36.00000000,9.80100000,2025-02-15 23:24:24.692,True,True
1005266354,0.27225000,124.00000000,33.75900000,2025-02-15 23:24:24.692,True,True
1005266355,0.27225000,4.00000000,1.08900000,2025-02-15 23:24:24.692,True,True
1005266356,0.27225000,4.00000000,1.08900000,2025-02-15 23:24:24.692,True,True
1005266357,0.27225000,3673.00000000,999.97425000,2025-02-15 23:24:24.692,True,True
1005266358,0.27224000,206.00000000,56.08144000,2025-02-15 23:24:24.692,True,True
1005266359,0.27224000,36.00000000,9.80064000,2025-02-15 23:24:24.692,True,True
1005266360,0.27224000,36.00000000,9.80064000,2025-02-15 23:24:24.692,True,True
1005266361,0.27224000,4990.00000000,1358.47760000,2025-02-15 23:24:24.692,True,True
1005266362,0.27225000,4.00000000,1.08900000,2025-02-15 23:24:24.759,False,True
1005266363,0.27225000,4.00000000,1.08900000,2025-02-15 23:24:24.759,False,True
1005266364,0.27225000,25.00000000,6.80625000,2025-02-15 23:24:24.759,False,True
1005266365,0.27224000,41.00000000,11.16184000,2025-02-15 23:24:24.802,True,True
1005266366,0.27225000,154.00000000,41.92650000,2025-02-15 23:24:26.513,False,True
1005266367,0.27224000,4.00000000,1.08896000,2025-02-15 23:24:28.254,True,True
1005266368,0.27224000,4.00000000,1.08896000,2025-02-15 23:24:28.254,True,True
1005266369,0.27224000,4.00000000,1.08896000,2025-02-15 23:24:28.254,True,True
1005266370,0.27224000,6.00000000,1.63344000,2025-02-15 23:24:28.254,True,True
1005266371,0.27224000,57.00000000,15.51768000,2025-02-15 23:24:28.254,True,True
1005266372,0.27224000,9.00000000,2.45016000,2025-02-15 23:24:28.254,True,True
1005266373,0.27224000,477.00000000,129.85848000,2025-02-15 23:24:28.254,True,True
1005266374,0.27225000,358.00000000,97.46550000,2025-02-15 23:24:29.132,False,True
1005266375,0.27225000,405.00000000,110.26125000,2025-02-15 23:24:29.370,False,True
1005266376,0.27224000,12.00000000,3.26688000,2025-02-15 23:24:29.371,True,True
1005266377,0.27224000,6.00000000,1.63344000,2025-02-15 23:24:31.251,True,True
1005266378,0.27224000,49.00000000,13.33976000,2025-02-15 23:24:35.404,True,True
1005266379,0.27225000,4.00000000,1.08900000,2025-02-15 23:24:35.805,False,True
1005266380,0.27225000,4.00000000,1.08900000,2025-02-15 23:24:35.805,False,True
1005266381,0.27225000,14.00000000,3.81150000,2025-02-15 23:24:35.805,False,True
1005266382,0.27225000,26.00000000,7.07850000,2025-02-15 23:24:37.465,False,True
1005266383,0.27225000,4.00000000,1.08900000,2025-02-15 23:24:37.465,False,True
1005266384,0.27225000,4.00000000,1.08900000,2025-02-15 23:24:37.465,False,True
1005266385,0.27225000,4.00000000,1.08900000,2025-02-15 23:24:37.465,False,True
1005266386,0.27225000,1165.00000000,317.17125000,2025-02-15 23:24:37.465,False,True
1005266387,0.27225000,184.00000000,50.09400000,2025-02-15 23:24:37.465,False,True
1005266388,0.27225000,4.00000000,1.08900000,2025-02-15 23:24:37.465,False,True
1005266389,0.27225000,4.00000000,1.08900000,2025-02-15 23:24:37.465,False,True
1005266390,0.27225000,915.00000000,249.10875000,2025-02-15 23:24:37.465,False,True
1005266391,0.27225000,4.00000000,1.08900000,2025-02-15 23:24:37.523,False,True
1005266392,0.27225000,4.00000000,1.08900000,2025-02-15 23:24:37.523,False,True
1005266393,0.27225000,4.00000000,1.08900000,2025-02-15 23:24:37.523,False,True
1005266394,0.27225000,4.00000000,1.08900000,2025-02-15 23:24:37.523,False,True
