id,price,qty,quoteQty,time,isBuyerMaker,isBestMatch
988792024,2.76150000,350.00000000,966.52500000,2025-02-15 23:26:31.591,True,True
988792025,2.76150000,2.00000000,5.52300000,2025-02-15 23:26:31.591,True,True
988792026,2.76150000,4.00000000,11.04600000,2025-02-15 23:26:31.591,True,True
988792027,2.76150000,4.00000000,11.04600000,2025-02-15 23:26:31.591,True,True
988792028,2.76150000,7.00000000,19.33050000,2025-02-15 23:26:31.591,True,True
988792029,2.76150000,2.00000000,5.52300000,2025-02-15 23:26:31.591,True,True
988792030,2.76150000,2.00000000,5.52300000,2025-02-15 23:26:31.591,True,True
988792031,2.76150000,2.00000000,5.52300000,2025-02-15 23:26:31.591,True,True
988792032,2.76150000,2.00000000,5.52300000,2025-02-15 23:26:31.591,True,True
988792033,2.76150000,2.00000000,5.52300000,2025-02-15 23:26:31.591,True,True
988792034,2.76150000,2.00000000,5.52300000,2025-02-15 23:26:31.591,True,True
988792035,2.76150000,2.00000000,5.52300000,2025-02-15 23:26:31.591,True,True
988792036,2.76150000,2.00000000,5.52300000,2025-02-15 23:26:31.591,True,True
988792037,2.76150000,2.00000000,5.52300000,2025-02-15 23:26:31.591,True,True
988792038,2.76150000,2.00000000,5.52300000,2025-02-15 23:26:31.591,True,True
988792039,2.76150000,2.00000000,5.52300000,2025-02-15 23:26:31.591,True,True
988792040,2.76140000,2.00000000,5.52280000,2025-02-15 23:26:31.591,True,True
988792041,2.76140000,9.00000000,24.85260000,2025-02-15 23:26:31.591,True,True
988792042,2.76140000,3.00000000,8.28420000,2025-02-15 23:26:31.665,True,True
988792043,2.76140000,2.00000000,5.52280000,2025-02-15 23:26:31.665,True,True
988792044,2.76140000,2.00000000,5.52280000,2025-02-15 23:26:31.665,True,True
988792045,2.76140000,2.00000000,5.52280000,2025-02-15 23:26:31.665,True,True
988792046,2.76140000,535.00000000,1477.34900000,2025-02-15 23:26:31.665,True,True
988792047,2.76140000,2.00000000,5.52280000,2025-02-15 23:26:31.934,True,True
988792048,2.76140000,2.00000000,5.52280000,2025-02-15 23:26:31.934,True,True
988792049,2.76140000,2.00000000,5.52280000,2025-02-15 23:26:31.934,True,True
988792050,2.76140000,2.00000000,5.52280000,2025-02-15 23:26:31.934,True,True
988792051,2.76140000,2.00000000,5.52280000,2025-02-15 23:26:31.934,True,True
988792052,2.76140000,2.00000000,5.52280000,2025-02-15 23:26:31.934,True,True
988792053,2.76140000,2.00000000,5.52280000,2025-02-15 23:26:31.934,True,True
988792054,2.76140000,2.00000000,5.52280000,2025-02-15 23:26:31.934,True,True
988792055,2.76140000,2.00000000,5.52280000,2025-02-15 23:26:31.934,True,True
988792056,2.76140000,2.00000000,5.52280000,2025-02-15 23:26:31.934,True,True
988792057,2.76140000,2.00000000,5.52280000,2025-02-15 23:26:31.934,True,True
988792058,2.76130000,4.00000000,11.04520000,2025-02-15 23:26:35.697,True,True
988792059,2.76130000,4.00000000,11.04520000,2025-02-15 23:26:35.697,True,True
988792060,2.76130000,2.00000000,5.52260000,2025-02-15 23:26:35.697,True,True
988792061,2.76130000,2.00000000,5.52260000,2025-02-15 23:26:35.697,True,True
988792062,2.76130000,2.00000000,5.52260000,2025-02-15 23:26:35.697,True,True
988792063,2.76130000,2.00000000,5.52260000,2025-02-15 23:26:35.697,True,True
988792064,2.76130000,1252.00000000,3457.14760000,2025-02-15 23:26:35.697,True,True
988792065,2.76130000,14.00000000,38.65820000,2025-02-15 23:26:35.697,True,True
988792066,2.76130000,145.00000000,400.38850000,2025-02-15 23:26:35.697,True,True
988792067,2.76130000,1013.00000000,2797.19690000,2025-02-15 23:26:35.697,True,True
988792068,2.76140000,2.00000000,5.52280000,2025-02-15 23:26:36.241,False,True
988792069,2.76140000,3.00000000,8.28420000,2025-02-15 23:26:36.241,False,True
988792070,2.76130000,51.00000000,140.82630000,2025-02-15 23:26:38.368,True,True
988792071,2.76140000,18.00000000,49.70520000,2025-02-15 23:26:38.371,False,True
988792072,2.76130000,13.00000000,35.89690000,2025-02-15 23:26:38.471,True,True
988792073,2.76130000,7.00000000,19.32910000,2025-02-15 23:26:38.488,True,True
988792074,2.76130000,2.00000000,5.52260000,2025-02-15 23:26:38.488,True,True
988792075,2.76130000,2.00000000,5.52260000,2025-02-15 23:26:38.488,True,True
988792076,2.76130000,2.00000000,5.52260000,2025-02-15 23:26:38.488,True,True
988792077,2.76130000,2.00000000,5.52260000,2025-02-15 23:26:38.488,True,True
988792078,2.76130000,23.00000000,63.50990000,2025-02-15 23:26:38.488,True,True
988792079,2.76130000,36.00000000,99.40680000,2025-02-15 23:26:38.488,True,True
988792080,2.76130000,2.00000000,5.52260000,2025-02-15 23:26:38.488,True,True
988792081,2.76130000,2.00000000,5.52260000,2025-02-15 23:26:38.488,True,True
988792082,2.76130000,2.00000000,5.52260000,2025-02-15 23:26:38.488,True,True
988792083,2.76130000,2.00000000,5.52260000,2025-02-15 23:26:38.488,True,True
988792084,2.76130000,2.00000000,5.52260000,2025-02-15 23:26:38.488,True,True
988792085,2.76130000,2.00000000,5.52260000,2025-02-15 23:26:38.488,True,True
988792086,2.76130000,2.00000000,5.52260000,2025-02-15 23:26:38.488,True,True
988792087,2.76130000,2.00000000,5.52260000,2025-02-15 23:26:38.488,True,True
988792088,2.76120000,4.00000000,11.04480000,2025-02-15 23:26:38.488,True,True
988792089,2.76120000,4.00000000,11.04480000,2025-02-15 23:26:38.488,True,True
988792090,2.76120000,2.00000000,5.52240000,2025-02-15 23:26:38.488,True,True
988792091,2.76120000,2.00000000,5.52240000,2025-02-15 23:26:38.488,True,True
988792092,2.76120000,2.00000000,5.52240000,2025-02-15 23:26:38.488,True,True
988792093,2.76120000,2.00000000,5.52240000,2025-02-15 23:26:38.488,True,True
988792094,2.76120000,2.00000000,5.52240000,2025-02-15 23:26:38.488,True,True
988792095,2.76110000,2.00000000,5.52220000,2025-02-15 23:26:38.488,True,True
988792096,2.76110000,4.00000000,11.04440000,2025-02-15 23:26:38.488,True,True
988792097,2.76110000,4.00000000,11.04440000,2025-02-15 23:26:38.488,True,True
988792098,2.76110000,94.00000000,259.54340000,2025-02-15 23:26:38.488,True,True
988792099,2.76120000,124.00000000,342.38880000,2025-02-15 23:26:39.600,False,True
988792100,2.76120000,63.00000000,173.95560000,2025-02-15 23:26:39.600,False,True
988792101,2.76110000,2.00000000,5.52220000,2025-02-15 23:26:45.385,True,True
988792102,2.76110000,2.00000000,5.52220000,2025-02-15 23:26:45.385,True,True
988792103,2.76110000,2.00000000,5.52220000,2025-02-15 23:26:45.385,True,True
988792104,2.76110000,4.00000000,11.04440000,2025-02-15 23:26:45.385,True,True
988792105,2.76110000,2.00000000,5.52220000,2025-02-15 23:26:45.385,True,True
988792106,2.76110000,3.00000000,8.28330000,2025-02-15 23:26:45.385,True,True
988792107,2.76110000,16.00000000,44.17760000,2025-02-15 23:26:45.385,True,True
988792108,2.76120000,481.00000000,1328.13720000,2025-02-15 23:26:45.539,False,True
988792109,2.76120000,1914.00000000,5284.93680000,2025-02-15 23:26:45.539,False,True
988792110,2.76120000,2.00000000,5.52240000,2025-02-15 23:26:45.539,False,True
988792111,2.76120000,2.00000000,5.52240000,2025-02-15 23:26:45.539,False,True
988792112,2.76120000,44.00000000,121.49280000,2025-02-15 23:26:45.539,False,True
988792113,2.76120000,362.00000000,999.55440000,2025-02-15 23:26:45.539,False,True
988792114,2.76120000,90.00000000,248.50800000,2025-02-15 23:26:45.539,False,True
988792115,2.76120000,503.00000000,1388.88360000,2025-02-15 23:26:45.539,False,True
988792116,2.76110000,13.00000000,35.89430000,2025-02-15 23:26:45.906,True,True
988792117,2.76110000,2.00000000,5.52220000,2025-02-15 23:26:45.906,True,True
988792118,2.76110000,2.00000000,5.52220000,2025-02-15 23:26:45.906,True,True
988792119,2.76110000,2.00000000,5.52220000,2025-02-15 23:26:45.906,True,True
988792120,2.76110000,2.00000000,5.52220000,2025-02-15 23:26:45.906,True,True
988792121,2.76110000,115.00000000,317.52650000,2025-02-15 23:26:45.906,True,True
988792122,2.76120000,28.00000000,77.31360000,2025-02-15 23:26:45.970,False,True
988792123,2.76120000,114.00000000,314.77680000,2025-02-15 23:26:46.222,False,True
988792124,2.76120000,337.00000000,930.52440000,2025-02-15 23:26:46.222,False,True
988792125,2.76120000,38.00000000,104.92560000,2025-02-15 23:26:47.118,False,True
988792126,2.76120000,143.00000000,394.85160000,2025-02-15 23:26:47.118,False,True
988792127,2.76120000,18.00000000,49.70160000,2025-02-15 23:26:47.118,False,True
988792128,2.76120000,2.00000000,5.52240000,2025-02-15 23:26:47.118,False,True
988792129,2.76120000,2.00000000,5.52240000,2025-02-15 23:26:47.118,False,True
988792130,2.76120000,90.00000000,248.50800000,2025-02-15 23:26:47.118,False,True
988792131,2.76120000,2.00000000,5.52240000,2025-02-15 23:26:47.118,False,True
988792132,2.76120000,12.00000000,33.13440000,2025-02-15 23:26:47.118,False,True
988792133,2.76130000,2.00000000,5.52260000,2025-02-15 23:26:47.121,False,True
988792134,2.76130000,2.00000000,5.52260000,2025-02-15 23:26:47.121,False,True
988792135,2.76130000,210.00000000,579.87300000,2025-02-15 23:26:47.121,False,True
988792136,2.76130000,2.00000000,5.52260000,2025-02-15 23:26:47.121,False,True
988792137,2.76130000,2.00000000,5.52260000,2025-02-15 23:26:47.121,False,True
988792138,2.76140000,2.00000000,5.52280000,2025-02-15 23:26:47.123,False,True
988792139,2.76140000,181.00000000,499.81340000,2025-02-15 23:26:47.123,False,True
988792140,2.76140000,237.00000000,654.45180000,2025-02-15 23:26:47.123,False,True
988792141,2.76140000,8.00000000,22.09120000,2025-02-15 23:26:47.124,False,True
988792142,2.76140000,2.00000000,5.52280000,2025-02-15 23:26:47.124,False,True
988792143,2.76140000,2.00000000,5.52280000,2025-02-15 23:26:47.124,False,True
988792144,2.76140000,2.00000000,5.52280000,2025-02-15 23:26:47.124,False,True
988792145,2.76150000,7.00000000,19.33050000,2025-02-15 23:26:47.129,False,True
988792146,2.76150000,2.00000000,5.52300000,2025-02-15 23:26:47.129,False,True
988792147,2.76150000,2.00000000,5.52300000,2025-02-15 23:26:47.129,False,True
988792148,2.76150000,2.00000000,5.52300000,2025-02-15 23:26:47.129,False,True
988792149,2.76160000,2.00000000,5.52320000,2025-02-15 23:26:47.201,False,True
988792150,2.76160000,3.00000000,8.28480000,2025-02-15 23:26:47.201,False,True
988792151,2.76160000,2.00000000,5.52320000,2025-02-15 23:26:47.201,False,True
988792152,2.76160000,2.00000000,5.52320000,2025-02-15 23:26:47.201,False,True
988792153,2.76160000,2.00000000,5.52320000,2025-02-15 23:26:47.201,False,True
988792154,2.76170000,4.00000000,11.04680000,2025-02-15 23:26:47.204,False,True
988792155,2.76170000,4.00000000,11.04680000,2025-02-15 23:26:47.204,False,True
988792156,2.76170000,2.00000000,5.52340000,2025-02-15 23:26:47.204,False,True
988792157,2.76170000,2.00000000,5.52340000,2025-02-15 23:26:47.204,False,True
988792158,2.76170000,2.00000000,5.52340000,2025-02-15 23:26:47.204,False,True
988792159,2.76180000,3.00000000,8.28540000,2025-02-15 23:26:47.518,False,True
988792160,2.76180000,2.00000000,5.52360000,2025-02-15 23:26:47.518,False,True
988792161,2.76180000,2.00000000,5.52360000,2025-02-15 23:26:47.518,False,True
988792162,2.76180000,2.00000000,5.52360000,2025-02-15 23:26:47.518,False,True
988792163,2.76180000,2.00000000,5.52360000,2025-02-15 23:26:47.518,False,True
988792164,2.76190000,2.00000000,5.52380000,2025-02-15 23:26:47.518,False,True
988792165,2.76190000,2.00000000,5.52380000,2025-02-15 23:26:47.518,False,True
988792166,2.76190000,2.00000000,5.52380000,2025-02-15 23:26:47.518,False,True
988792167,2.76190000,2.00000000,5.52380000,2025-02-15 23:26:47.518,False,True
988792168,2.76190000,2.00000000,5.52380000,2025-02-15 23:26:48.813,True,True
988792169,2.76190000,2.00000000,5.52380000,2025-02-15 23:26:48.813,True,True
988792170,2.76190000,27.00000000,74.57130000,2025-02-15 23:26:48.813,True,True
988792171,2.76190000,2.00000000,5.52380000,2025-02-15 23:26:48.813,True,True
988792172,2.76190000,3.00000000,8.28570000,2025-02-15 23:26:48.813,True,True
988792173,2.76190000,2.00000000,5.52380000,2025-02-15 23:26:48.813,True,True
988792174,2.76190000,2.00000000,5.52380000,2025-02-15 23:26:48.813,True,True
988792175,2.76190000,2.00000000,5.52380000,2025-02-15 23:26:48.813,True,True
988792176,2.76190000,2.00000000,5.52380000,2025-02-15 23:26:48.813,True,True
988792177,2.76190000,1.00000000,2.76190000,2025-02-15 23:26:48.813,True,True
988792178,2.76190000,1.00000000,2.76190000,2025-02-15 23:26:48.818,True,True
988792179,2.76190000,2.00000000,5.52380000,2025-02-15 23:26:48.818,True,True
988792180,2.76190000,2.00000000,5.52380000,2025-02-15 23:26:48.818,True,True
988792181,2.76190000,2.00000000,5.52380000,2025-02-15 23:26:48.818,True,True
988792182,2.76190000,2.00000000,5.52380000,2025-02-15 23:26:48.818,True,True
988792183,2.76190000,2.00000000,5.52380000,2025-02-15 23:26:48.818,True,True
988792184,2.76190000,2.00000000,5.52380000,2025-02-15 23:26:48.818,True,True
988792185,2.76190000,2.00000000,5.52380000,2025-02-15 23:26:48.818,True,True
988792186,2.76190000,2.00000000,5.52380000,2025-02-15 23:26:48.818,True,True
988792187,2.76190000,181.00000000,499.90390000,2025-02-15 23:26:48.898,False,True
988792188,2.76180000,2.00000000,5.52360000,2025-02-15 23:26:49.806,True,True
988792189,2.76180000,2.00000000,5.52360000,2025-02-15 23:26:49.806,True,True
988792190,2.76180000,2.00000000,5.52360000,2025-02-15 23:26:49.806,True,True
988792191,2.76180000,20.00000000,55.23600000,2025-02-15 23:26:49.806,True,True
988792192,2.76180000,2.00000000,5.52360000,2025-02-15 23:26:49.806,True,True
988792193,2.76180000,2.00000000,5.52360000,2025-02-15 23:26:49.806,True,True
988792194,2.76180000,2.00000000,5.52360000,2025-02-15 23:26:49.806,True,True
988792195,2.76180000,2.00000000,5.52360000,2025-02-15 23:26:49.806,True,True
988792196,2.76180000,2.00000000,5.52360000,2025-02-15 23:26:49.806,True,True
988792197,2.76180000,2.00000000,5.52360000,2025-02-15 23:26:49.806,True,True
988792198,2.76180000,2.00000000,5.52360000,2025-02-15 23:26:49.806,True,True
988792199,2.76180000,2.00000000,5.52360000,2025-02-15 23:26:49.806,True,True
988792200,2.76180000,2.00000000,5.52360000,2025-02-15 23:26:49.806,True,True
988792201,2.76180000,2.00000000,5.52360000,2025-02-15 23:26:49.806,True,True
988792202,2.76170000,2.00000000,5.52340000,2025-02-15 23:26:49.806,True,True
988792203,2.76170000,2.00000000,5.52340000,2025-02-15 23:26:49.806,True,True
988792204,2.76170000,39.00000000,107.70630000,2025-02-15 23:26:49.806,True,True
988792205,2.76170000,2.00000000,5.52340000,2025-02-15 23:26:49.818,True,True
988792206,2.76170000,2.00000000,5.52340000,2025-02-15 23:26:49.818,True,True
988792207,2.76170000,21.00000000,57.99570000,2025-02-15 23:26:49.818,True,True
988792208,2.76170000,2.00000000,5.52340000,2025-02-15 23:26:49.818,True,True
988792209,2.76170000,2.00000000,5.52340000,2025-02-15 23:26:49.818,True,True
988792210,2.76170000,2.00000000,5.52340000,2025-02-15 23:26:49.818,True,True
988792211,2.76170000,2.00000000,5.52340000,2025-02-15 23:26:49.818,True,True
988792212,2.76170000,2.00000000,5.52340000,2025-02-15 23:26:49.818,True,True
988792213,2.76170000,2.00000000,5.52340000,2025-02-15 23:26:49.818,True,True
988792214,2.76170000,2.00000000,5.52340000,2025-02-15 23:26:49.818,True,True
988792215,2.76170000,2.00000000,5.52340000,2025-02-15 23:26:49.818,True,True
988792216,2.76170000,2.00000000,5.52340000,2025-02-15 23:26:49.818,True,True
988792217,2.76170000,2.00000000,5.52340000,2025-02-15 23:26:49.818,True,True
988792218,2.76160000,2.00000000,5.52320000,2025-02-15 23:26:50.176,True,True
988792219,2.76170000,2.00000000,5.52340000,2025-02-15 23:26:50.464,False,True
988792220,2.76160000,2.00000000,5.52320000,2025-02-15 23:26:51.584,True,True
988792221,2.76160000,4.00000000,11.04640000,2025-02-15 23:26:51.584,True,True
988792222,2.76160000,4.00000000,11.04640000,2025-02-15 23:26:51.584,True,True
988792223,2.76160000,2.00000000,5.52320000,2025-02-15 23:26:51.584,True,True
988792224,2.76160000,18.00000000,49.70880000,2025-02-15 23:26:51.584,True,True
988792225,2.76160000,2.00000000,5.52320000,2025-02-15 23:26:51.591,True,True
988792226,2.76160000,2.00000000,5.52320000,2025-02-15 23:26:51.591,True,True
988792227,2.76160000,2.00000000,5.52320000,2025-02-15 23:26:51.591,True,True
988792228,2.76160000,2.00000000,5.52320000,2025-02-15 23:26:51.591,True,True
988792229,2.76160000,2.00000000,5.52320000,2025-02-15 23:26:51.591,True,True
988792230,2.76160000,2.00000000,5.52320000,2025-02-15 23:26:51.591,True,True
988792231,2.76160000,2.00000000,5.52320000,2025-02-15 23:26:51.591,True,True
988792232,2.76160000,2.00000000,5.52320000,2025-02-15 23:26:51.591,True,True
988792233,2.76160000,2.00000000,5.52320000,2025-02-15 23:26:51.591,True,True
988792234,2.76160000,2.00000000,5.52320000,2025-02-15 23:26:51.591,True,True
988792235,2.76160000,2.00000000,5.52320000,2025-02-15 23:26:51.591,True,True
988792236,2.76160000,2.00000000,5.52320000,2025-02-15 23:26:51.591,True,True
988792237,2.76150000,2.00000000,5.52300000,2025-02-15 23:26:51.591,True,True
988792238,2.76150000,4.00000000,11.04600000,2025-02-15 23:26:51.591,True,True
988792239,2.76150000,3.00000000,8.28450000,2025-02-15 23:26:51.592,True,True
988792240,2.76150000,4.00000000,11.04600000,2025-02-15 23:26:51.592,True,True
988792241,2.76150000,4.00000000,11.04600000,2025-02-15 23:26:51.592,True,True
988792242,2.76150000,2.00000000,5.52300000,2025-02-15 23:26:51.592,True,True
988792243,2.76150000,2.00000000,5.52300000,2025-02-15 23:26:51.592,True,True
988792244,2.76140000,2.00000000,5.52280000,2025-02-15 23:26:51.592,True,True
988792245,2.76140000,644.00000000,1778.34160000,2025-02-15 23:26:51.592,True,True
988792246,2.76140000,2.00000000,5.52280000,2025-02-15 23:26:51.618,True,True
988792247,2.76140000,4.00000000,11.04560000,2025-02-15 23:26:51.618,True,True
988792248,2.76140000,4.00000000,11.04560000,2025-02-15 23:26:51.618,True,True
988792249,2.76140000,2.00000000,5.52280000,2025-02-15 23:26:51.618,True,True
988792250,2.76140000,2.00000000,5.52280000,2025-02-15 23:26:51.618,True,True
988792251,2.76140000,2.00000000,5.52280000,2025-02-15 23:26:51.618,True,True
988792252,2.76140000,2.00000000,5.52280000,2025-02-15 23:26:51.618,True,True
988792253,2.76140000,2.00000000,5.52280000,2025-02-15 23:26:51.618,True,True
988792254,2.76140000,2.00000000,5.52280000,2025-02-15 23:26:51.618,True,True
988792255,2.76140000,2.00000000,5.52280000,2025-02-15 23:26:51.618,True,True
988792256,2.76140000,2.00000000,5.52280000,2025-02-15 23:26:51.618,True,True
988792257,2.76140000,2.00000000,5.52280000,2025-02-15 23:26:51.618,True,True
988792258,2.76140000,2.00000000,5.52280000,2025-02-15 23:26:51.618,True,True
988792259,2.76140000,2.00000000,5.52280000,2025-02-15 23:26:51.618,True,True
988792260,2.76130000,2.00000000,5.52260000,2025-02-15 23:26:51.719,True,True
988792261,2.76130000,4.00000000,11.04520000,2025-02-15 23:26:51.719,True,True
988792262,2.76130000,4.00000000,11.04520000,2025-02-15 23:26:51.719,True,True
988792263,2.76130000,2.00000000,5.52260000,2025-02-15 23:26:51.719,True,True
988792264,2.76130000,2.00000000,5.52260000,2025-02-15 23:26:51.719,True,True
988792265,2.76130000,2.00000000,5.52260000,2025-02-15 23:26:51.719,True,True
988792266,2.76130000,2.00000000,5.52260000,2025-02-15 23:26:51.719,True,True
988792267,2.76130000,2.00000000,5.52260000,2025-02-15 23:26:51.719,True,True
988792268,2.76130000,2.00000000,5.52260000,2025-02-15 23:26:51.719,True,True
988792269,2.76130000,2.00000000,5.52260000,2025-02-15 23:26:51.719,True,True
988792270,2.76130000,2.00000000,5.52260000,2025-02-15 23:26:51.719,True,True
988792271,2.76130000,2.00000000,5.52260000,2025-02-15 23:26:51.719,True,True
988792272,2.76130000,2.00000000,5.52260000,2025-02-15 23:26:51.719,True,True
988792273,2.76130000,2.00000000,5.52260000,2025-02-15 23:26:51.719,True,True
988792274,2.76130000,2.00000000,5.52260000,2025-02-15 23:26:51.719,True,True
988792275,2.76130000,50.00000000,138.06500000,2025-02-15 23:26:51.830,False,True
988792276,2.76130000,43.00000000,118.73590000,2025-02-15 23:26:51.915,False,True
988792277,2.76130000,100.00000000,276.13000000,2025-02-15 23:26:53.000,False,True
988792278,2.76120000,4.00000000,11.04480000,2025-02-15 23:26:53.238,True,True
988792279,2.76120000,4.00000000,11.04480000,2025-02-15 23:26:53.238,True,True
988792280,2.76120000,2.00000000,5.52240000,2025-02-15 23:26:53.238,True,True
988792281,2.76120000,3.00000000,8.28360000,2025-02-15 23:26:53.238,True,True
988792282,2.76120000,2.00000000,5.52240000,2025-02-15 23:26:53.238,True,True
988792283,2.76120000,15.00000000,41.41800000,2025-02-15 23:26:53.238,True,True
988792284,2.76120000,169.00000000,466.64280000,2025-02-15 23:26:53.238,True,True
988792285,2.76120000,22.00000000,60.74640000,2025-02-15 23:26:55.023,True,True
988792286,2.76130000,5.00000000,13.80650000,2025-02-15 23:26:55.509,False,True
988792287,2.76130000,2.00000000,5.52260000,2025-02-15 23:26:56.993,False,True
988792288,2.76130000,14.00000000,38.65820000,2025-02-15 23:26:58.163,False,True
988792289,2.76120000,8.00000000,22.08960000,2025-02-15 23:27:01.181,True,True
988792290,2.76130000,3.00000000,8.28390000,2025-02-15 23:27:03.479,False,True
988792291,2.76120000,107.00000000,295.44840000,2025-02-15 23:27:07.142,True,True
988792292,2.76120000,69.00000000,190.52280000,2025-02-15 23:27:07.163,True,True
988792293,2.76130000,103.00000000,284.41390000,2025-02-15 23:27:07.328,False,True
988792294,2.76120000,12.00000000,33.13440000,2025-02-15 23:27:07.762,True,True
988792295,2.76120000,1614.00000000,4456.57680000,2025-02-15 23:27:08.511,True,True
988792296,2.76120000,2.00000000,5.52240000,2025-02-15 23:27:08.511,True,True
988792297,2.76120000,2.00000000,5.52240000,2025-02-15 23:27:08.511,True,True
988792298,2.76120000,2.00000000,5.52240000,2025-02-15 23:27:08.511,True,True
988792299,2.76120000,14.00000000,38.65680000,2025-02-15 23:27:08.511,True,True
988792300,2.76120000,2.00000000,5.52240000,2025-02-15 23:27:08.511,True,True
988792301,2.76120000,40.00000000,110.44800000,2025-02-15 23:27:08.511,True,True
988792302,2.76120000,15.00000000,41.41800000,2025-02-15 23:27:08.511,True,True
988792303,2.76120000,2.00000000,5.52240000,2025-02-15 23:27:08.511,True,True
988792304,2.76120000,2.00000000,5.52240000,2025-02-15 23:27:08.511,True,True
988792305,2.76120000,2.00000000,5.52240000,2025-02-15 23:27:08.511,True,True
988792306,2.76120000,2.00000000,5.52240000,2025-02-15 23:27:08.511,True,True
988792307,2.76120000,2.00000000,5.52240000,2025-02-15 23:27:08.511,True,True
988792308,2.76120000,2.00000000,5.52240000,2025-02-15 23:27:08.511,True,True
988792309,2.76120000,2.00000000,5.52240000,2025-02-15 23:27:08.511,True,True
988792310,2.76120000,2.00000000,5.52240000,2025-02-15 23:27:08.511,True,True
988792311,2.76120000,2.00000000,5.52240000,2025-02-15 23:27:08.511,True,True
988792312,2.76110000,4.00000000,11.04440000,2025-02-15 23:27:08.511,True,True
988792313,2.76110000,4.00000000,11.04440000,2025-02-15 23:27:08.511,True,True
988792314,2.76110000,2.00000000,5.52220000,2025-02-15 23:27:08.511,True,True
988792315,2.76110000,2.00000000,5.52220000,2025-02-15 23:27:08.511,True,True
988792316,2.76110000,2.00000000,5.52220000,2025-02-15 23:27:08.511,True,True
988792317,2.76110000,198.00000000,546.69780000,2025-02-15 23:27:08.511,True,True
988792318,2.76110000,862.00000000,2380.06820000,2025-02-15 23:27:08.511,True,True
988792319,2.76110000,2.00000000,5.52220000,2025-02-15 23:27:08.618,True,True
988792320,2.76110000,2.00000000,5.52220000,2025-02-15 23:27:08.618,True,True
988792321,2.76110000,2.00000000,5.52220000,2025-02-15 23:27:08.618,True,True
988792322,2.76110000,2.00000000,5.52220000,2025-02-15 23:27:08.618,True,True
988792323,2.76110000,2.00000000,5.52220000,2025-02-15 23:27:08.618,True,True
988792324,2.76110000,2.00000000,5.52220000,2025-02-15 23:27:08.618,True,True
988792325,2.76110000,2.00000000,5.52220000,2025-02-15 23:27:08.618,True,True
988792326,2.76110000,2.00000000,5.52220000,2025-02-15 23:27:08.618,True,True
988792327,2.76110000,2.00000000,5.52220000,2025-02-15 23:27:08.618,True,True
988792328,2.76110000,2.00000000,5.52220000,2025-02-15 23:27:08.618,True,True
988792329,2.76110000,2.00000000,5.52220000,2025-02-15 23:27:08.618,True,True
988792330,2.76110000,2.00000000,5.52220000,2025-02-15 23:27:08.618,True,True
988792331,2.76100000,4.00000000,11.04400000,2025-02-15 23:27:08.695,True,True
988792332,2.76100000,4.00000000,11.04400000,2025-02-15 23:27:08.695,True,True
988792333,2.76100000,2.00000000,5.52200000,2025-02-15 23:27:08.695,True,True
988792334,2.76100000,172.00000000,474.89200000,2025-02-15 23:27:08.695,True,True
988792335,2.76100000,925.00000000,2553.92500000,2025-02-15 23:27:08.696,True,True
988792336,2.76100000,437.00000000,1206.55700000,2025-02-15 23:27:08.696,True,True
988792337,2.76100000,2.00000000,5.52200000,2025-02-15 23:27:08.696,True,True
988792338,2.76100000,2.00000000,5.52200000,2025-02-15 23:27:08.696,True,True
988792339,2.76100000,189.00000000,521.82900000,2025-02-15 23:27:08.696,True,True
988792340,2.76100000,658.00000000,1816.73800000,2025-02-15 23:27:08.696,True,True
988792341,2.76100000,363.00000000,1002.24300000,2025-02-15 23:27:08.696,True,True
988792342,2.76100000,618.00000000,1706.29800000,2025-02-15 23:27:08.696,True,True
988792343,2.76100000,773.00000000,2134.25300000,2025-02-15 23:27:08.696,True,True
988792344,2.76100000,624.00000000,1722.86400000,2025-02-15 23:27:08.696,True,True
988792345,2.76100000,2.00000000,5.52200000,2025-02-15 23:27:08.696,True,True
988792346,2.76100000,2.00000000,5.52200000,2025-02-15 23:27:08.696,True,True
988792347,2.76100000,2.00000000,5.52200000,2025-02-15 23:27:08.696,True,True
988792348,2.76100000,2.00000000,5.52200000,2025-02-15 23:27:08.696,True,True
988792349,2.76100000,2.00000000,5.52200000,2025-02-15 23:27:08.696,True,True
988792350,2.76100000,2.00000000,5.52200000,2025-02-15 23:27:08.696,True,True
988792351,2.76100000,2.00000000,5.52200000,2025-02-15 23:27:08.696,True,True
988792352,2.76100000,2.00000000,5.52200000,2025-02-15 23:27:08.696,True,True
988792353,2.76100000,2.00000000,5.52200000,2025-02-15 23:27:08.696,True,True
988792354,2.76100000,2.00000000,5.52200000,2025-02-15 23:27:08.696,True,True
988792355,2.76090000,3.00000000,8.28270000,2025-02-15 23:27:08.700,True,True
988792356,2.76090000,2.00000000,5.52180000,2025-02-15 23:27:08.700,True,True
988792357,2.76090000,2.00000000,5.52180000,2025-02-15 23:27:08.700,True,True
988792358,2.76090000,2.00000000,5.52180000,2025-02-15 23:27:08.700,True,True
988792359,2.76090000,491.00000000,1355.60190000,2025-02-15 23:27:08.700,True,True
988792360,2.76090000,2.00000000,5.52180000,2025-02-15 23:27:08.700,True,True
988792361,2.76090000,2.00000000,5.52180000,2025-02-15 23:27:08.700,True,True
988792362,2.76090000,2.00000000,5.52180000,2025-02-15 23:27:08.700,True,True
988792363,2.76090000,2.00000000,5.52180000,2025-02-15 23:27:08.700,True,True
988792364,2.76090000,2.00000000,5.52180000,2025-02-15 23:27:08.700,True,True
988792365,2.76090000,2.00000000,5.52180000,2025-02-15 23:27:08.700,True,True
988792366,2.76090000,2.00000000,5.52180000,2025-02-15 23:27:08.700,True,True
988792367,2.76090000,2.00000000,5.52180000,2025-02-15 23:27:08.700,True,True
988792368,2.76090000,2.00000000,5.52180000,2025-02-15 23:27:08.700,True,True
988792369,2.76090000,2.00000000,5.52180000,2025-02-15 23:27:08.700,True,True
988792370,2.76080000,4.00000000,11.04320000,2025-02-15 23:27:08.702,True,True
988792371,2.76080000,4.00000000,11.04320000,2025-02-15 23:27:08.702,True,True
988792372,2.76080000,2.00000000,5.52160000,2025-02-15 23:27:08.702,True,True
988792373,2.76080000,2.00000000,5.52160000,2025-02-15 23:27:08.702,True,True
988792374,2.76080000,3.00000000,8.28240000,2025-02-15 23:27:08.702,True,True
988792375,2.76080000,2.00000000,5.52160000,2025-02-15 23:27:08.702,True,True
988792376,2.76080000,2.00000000,5.52160000,2025-02-15 23:27:08.702,True,True
988792377,2.76080000,2.00000000,5.52160000,2025-02-15 23:27:08.702,True,True
988792378,2.76080000,2.00000000,5.52160000,2025-02-15 23:27:08.702,True,True
988792379,2.76080000,2.00000000,5.52160000,2025-02-15 23:27:08.702,True,True
988792380,2.76080000,2.00000000,5.52160000,2025-02-15 23:27:08.702,True,True
988792381,2.76080000,2.00000000,5.52160000,2025-02-15 23:27:08.702,True,True
988792382,2.76080000,2.00000000,5.52160000,2025-02-15 23:27:08.702,True,True
988792383,2.76080000,2.00000000,5.52160000,2025-02-15 23:27:08.702,True,True
988792384,2.76080000,2.00000000,5.52160000,2025-02-15 23:27:08.702,True,True
988792385,2.76080000,2.00000000,5.52160000,2025-02-15 23:27:08.702,True,True
988792386,2.76080000,2.00000000,5.52160000,2025-02-15 23:27:08.702,True,True
988792387,2.76070000,2.00000000,5.52140000,2025-02-15 23:27:08.707,True,True
988792388,2.76070000,2.00000000,5.52140000,2025-02-15 23:27:08.707,True,True
988792389,2.76070000,2.00000000,5.52140000,2025-02-15 23:27:08.707,True,True
988792390,2.76070000,2.00000000,5.52140000,2025-02-15 23:27:08.707,True,True
988792391,2.76070000,2.00000000,5.52140000,2025-02-15 23:27:08.707,True,True
988792392,2.76070000,2.00000000,5.52140000,2025-02-15 23:27:08.707,True,True
988792393,2.76070000,2.00000000,5.52140000,2025-02-15 23:27:08.707,True,True
988792394,2.76070000,2.00000000,5.52140000,2025-02-15 23:27:08.707,True,True
988792395,2.76070000,2.00000000,5.52140000,2025-02-15 23:27:09.218,True,True
988792396,2.76070000,2.00000000,5.52140000,2025-02-15 23:27:09.218,True,True
988792397,2.76070000,2.00000000,5.52140000,2025-02-15 23:27:09.218,True,True
988792398,2.76070000,2.00000000,5.52140000,2025-02-15 23:27:09.218,True,True
988792399,2.76070000,2.00000000,5.52140000,2025-02-15 23:27:09.218,True,True
988792400,2.76070000,2.00000000,5.52140000,2025-02-15 23:27:09.218,True,True
988792401,2.76070000,2.00000000,5.52140000,2025-02-15 23:27:09.218,True,True
988792402,2.76070000,2.00000000,5.52140000,2025-02-15 23:27:09.218,True,True
988792403,2.76070000,2.00000000,5.52140000,2025-02-15 23:27:09.218,True,True
988792404,2.76070000,2.00000000,5.52140000,2025-02-15 23:27:09.218,True,True
988792405,2.76060000,4.00000000,11.04240000,2025-02-15 23:27:09.218,True,True
988792406,2.76060000,4.00000000,11.04240000,2025-02-15 23:27:09.218,True,True
988792407,2.76060000,13.00000000,35.88780000,2025-02-15 23:27:09.218,True,True
988792408,2.76060000,2.00000000,5.52120000,2025-02-15 23:27:09.218,True,True
988792409,2.76060000,2.00000000,5.52120000,2025-02-15 23:27:09.218,True,True
988792410,2.76060000,2.00000000,5.52120000,2025-02-15 23:27:09.218,True,True
988792411,2.76060000,2.00000000,5.52120000,2025-02-15 23:27:09.218,True,True
988792412,2.76050000,4.00000000,11.04200000,2025-02-15 23:27:09.218,True,True
988792413,2.76050000,4.00000000,11.04200000,2025-02-15 23:27:09.218,True,True
988792414,2.76050000,2.00000000,5.52100000,2025-02-15 23:27:09.218,True,True
988792415,2.76050000,2.00000000,5.52100000,2025-02-15 23:27:09.218,True,True
988792416,2.76050000,4.00000000,11.04200000,2025-02-15 23:27:09.685,False,True
988792417,2.76050000,10.00000000,27.60500000,2025-02-15 23:27:10.007,False,True
988792418,2.76050000,164.00000000,452.72200000,2025-02-15 23:27:10.195,False,True
988792419,2.76050000,2.00000000,5.52100000,2025-02-15 23:27:10.577,False,True
988792420,2.76050000,2.00000000,5.52100000,2025-02-15 23:27:10.577,False,True
988792421,2.76050000,225.00000000,621.11250000,2025-02-15 23:27:10.577,False,True
988792422,2.76050000,2.00000000,5.52100000,2025-02-15 23:27:10.577,False,True
988792423,2.76050000,43.00000000,118.70150000,2025-02-15 23:27:10.577,False,True
988792424,2.76050000,2.00000000,5.52100000,2025-02-15 23:27:10.577,False,True
988792425,2.76050000,2.00000000,5.52100000,2025-02-15 23:27:10.577,False,True
988792426,2.76050000,2.00000000,5.52100000,2025-02-15 23:27:10.577,False,True
988792427,2.76050000,2.00000000,5.52100000,2025-02-15 23:27:10.577,False,True
988792428,2.76050000,2.00000000,5.52100000,2025-02-15 23:27:10.577,False,True
988792429,2.76050000,2.00000000,5.52100000,2025-02-15 23:27:10.577,False,True
988792430,2.76050000,2.00000000,5.52100000,2025-02-15 23:27:10.577,False,True
988792431,2.76050000,2.00000000,5.52100000,2025-02-15 23:27:10.577,False,True
988792432,2.76050000,2.00000000,5.52100000,2025-02-15 23:27:10.577,False,True
988792433,2.76050000,2.00000000,5.52100000,2025-02-15 23:27:10.577,False,True
988792434,2.76050000,2.00000000,5.52100000,2025-02-15 23:27:10.577,False,True
988792435,2.76070000,37.00000000,102.14590000,2025-02-15 23:27:11.131,True,True
988792436,2.76070000,2.00000000,5.52140000,2025-02-15 23:27:13.396,True,True
988792437,2.76070000,2.00000000,5.52140000,2025-02-15 23:27:13.396,True,True
988792438,2.76070000,109.00000000,300.91630000,2025-02-15 23:27:13.396,True,True
988792439,2.76070000,543.00000000,1499.06010000,2025-02-15 23:27:13.396,True,True
988792440,2.76070000,8.00000000,22.08560000,2025-02-15 23:27:13.396,True,True
988792441,2.76070000,2.00000000,5.52140000,2025-02-15 23:27:13.396,True,True
988792442,2.76070000,2.00000000,5.52140000,2025-02-15 23:27:13.419,True,True
988792443,2.76070000,2.00000000,5.52140000,2025-02-15 23:27:13.419,True,True
988792444,2.76060000,2.00000000,5.52120000,2025-02-15 23:27:13.419,True,True
988792445,2.76060000,2.00000000,5.52120000,2025-02-15 23:27:13.419,True,True
988792446,2.76060000,2.00000000,5.52120000,2025-02-15 23:27:13.419,True,True
988792447,2.76050000,2.00000000,5.52100000,2025-02-15 23:27:13.419,True,True
988792448,2.76050000,2.00000000,5.52100000,2025-02-15 23:27:13.419,True,True
988792449,2.76050000,2.00000000,5.52100000,2025-02-15 23:27:13.419,True,True
988792450,2.76050000,2.00000000,5.52100000,2025-02-15 23:27:13.419,True,True
988792451,2.76050000,2.00000000,5.52100000,2025-02-15 23:27:13.419,True,True
988792452,2.76050000,2.00000000,5.52100000,2025-02-15 23:27:13.419,True,True
988792453,2.76050000,2.00000000,5.52100000,2025-02-15 23:27:13.419,True,True
988792454,2.76050000,2.00000000,5.52100000,2025-02-15 23:27:13.419,True,True
988792455,2.76050000,2.00000000,5.52100000,2025-02-15 23:27:13.419,True,True
988792456,2.76050000,2.00000000,5.52100000,2025-02-15 23:27:13.419,True,True
988792457,2.76050000,2.00000000,5.52100000,2025-02-15 23:27:13.419,True,True
988792458,2.76040000,4.00000000,11.04160000,2025-02-15 23:27:13.918,True,True
988792459,2.76040000,4.00000000,11.04160000,2025-02-15 23:27:13.918,True,True
988792460,2.76040000,2.00000000,5.52080000,2025-02-15 23:27:13.918,True,True
988792461,2.76040000,2.00000000,5.52080000,2025-02-15 23:27:13.918,True,True
988792462,2.76040000,2.00000000,5.52080000,2025-02-15 23:27:13.918,True,True
988792463,2.76040000,5.00000000,13.80200000,2025-02-15 23:27:13.918,True,True
988792464,2.76040000,109.00000000,300.88360000,2025-02-15 23:27:13.918,True,True
988792465,2.76040000,2.00000000,5.52080000,2025-02-15 23:27:13.918,True,True
988792466,2.76040000,2.00000000,5.52080000,2025-02-15 23:27:13.918,True,True
988792467,2.76040000,2.00000000,5.52080000,2025-02-15 23:27:13.918,True,True
988792468,2.76040000,2.00000000,5.52080000,2025-02-15 23:27:13.918,True,True
988792469,2.76040000,2.00000000,5.52080000,2025-02-15 23:27:13.918,True,True
988792470,2.76040000,2.00000000,5.52080000,2025-02-15 23:27:13.918,True,True
988792471,2.76040000,2.00000000,5.52080000,2025-02-15 23:27:13.918,True,True
988792472,2.76040000,2.00000000,5.52080000,2025-02-15 23:27:13.918,True,True
988792473,2.76040000,2.00000000,5.52080000,2025-02-15 23:27:13.918,True,True
988792474,2.76040000,2.00000000,5.52080000,2025-02-15 23:27:13.918,True,True
988792475,2.76040000,11.00000000,30.36440000,2025-02-15 23:27:14.543,False,True
988792476,2.76040000,171.00000000,472.02840000,2025-02-15 23:27:15.206,False,True
988792477,2.76040000,76.00000000,209.79040000,2025-02-15 23:27:15.414,False,True
988792478,2.76030000,7.00000000,19.32210000,2025-02-15 23:27:16.820,True,True
988792479,2.76030000,4.00000000,11.04120000,2025-02-15 23:27:16.820,True,True
988792480,2.76030000,4.00000000,11.04120000,2025-02-15 23:27:16.820,True,True
988792481,2.76030000,2.00000000,5.52060000,2025-02-15 23:27:16.820,True,True
988792482,2.76030000,2.00000000,5.52060000,2025-02-15 23:27:16.820,True,True
988792483,2.76030000,3.00000000,8.28090000,2025-02-15 23:27:16.820,True,True
988792484,2.76030000,2.00000000,5.52060000,2025-02-15 23:27:16.820,True,True
988792485,2.76030000,14.00000000,38.64420000,2025-02-15 23:27:16.820,True,True
988792486,2.76030000,16.00000000,44.16480000,2025-02-15 23:27:16.820,True,True
988792487,2.76030000,93.00000000,256.70790000,2025-02-15 23:27:17.383,True,True
988792488,2.76030000,2.00000000,5.52060000,2025-02-15 23:27:17.383,True,True
988792489,2.76030000,2.00000000,5.52060000,2025-02-15 23:27:17.383,True,True
988792490,2.76030000,2.00000000,5.52060000,2025-02-15 23:27:17.383,True,True
988792491,2.76030000,12.00000000,33.12360000,2025-02-15 23:27:17.383,True,True
988792492,2.76030000,2.00000000,5.52060000,2025-02-15 23:27:17.383,True,True
988792493,2.76030000,2.00000000,5.52060000,2025-02-15 23:27:17.383,True,True
988792494,2.76030000,2.00000000,5.52060000,2025-02-15 23:27:17.383,True,True
988792495,2.76030000,2.00000000,5.52060000,2025-02-15 23:27:17.383,True,True
988792496,2.76030000,2.00000000,5.52060000,2025-02-15 23:27:17.383,True,True
988792497,2.76030000,2.00000000,5.52060000,2025-02-15 23:27:17.383,True,True
988792498,2.76030000,2.00000000,5.52060000,2025-02-15 23:27:17.383,True,True
988792499,2.76030000,2.00000000,5.52060000,2025-02-15 23:27:17.383,True,True
988792500,2.76020000,4.00000000,11.04080000,2025-02-15 23:27:17.383,True,True
988792501,2.76020000,4.00000000,11.04080000,2025-02-15 23:27:17.383,True,True
988792502,2.76020000,2.00000000,5.52040000,2025-02-15 23:27:17.383,True,True
988792503,2.76020000,2.00000000,5.52040000,2025-02-15 23:27:17.383,True,True
988792504,2.76020000,2.00000000,5.52040000,2025-02-15 23:27:17.383,True,True
988792505,2.76020000,2.00000000,5.52040000,2025-02-15 23:27:17.383,True,True
988792506,2.76010000,4.00000000,11.04040000,2025-02-15 23:27:17.383,True,True
988792507,2.76010000,215.00000000,593.42150000,2025-02-15 23:27:17.383,True,True
988792508,2.76020000,7.00000000,19.32140000,2025-02-15 23:27:17.935,False,True
988792509,2.76020000,2.00000000,5.52040000,2025-02-15 23:27:18.179,False,True
988792510,2.76020000,18.00000000,49.68360000,2025-02-15 23:27:18.179,False,True
988792511,2.76020000,2.00000000,5.52040000,2025-02-15 23:27:18.179,False,True
988792512,2.76020000,2.00000000,5.52040000,2025-02-15 23:27:18.179,False,True
988792513,2.76020000,29.00000000,80.04580000,2025-02-15 23:27:18.179,False,True
988792514,2.76020000,16.00000000,44.16320000,2025-02-15 23:27:18.218,False,True
988792515,2.76020000,2.00000000,5.52040000,2025-02-15 23:27:18.218,False,True
988792516,2.76020000,2.00000000,5.52040000,2025-02-15 23:27:18.218,False,True
988792517,2.76020000,2.00000000,5.52040000,2025-02-15 23:27:18.218,False,True
988792518,2.76030000,7.00000000,19.32210000,2025-02-15 23:27:19.666,False,True
988792519,2.76020000,83.00000000,229.09660000,2025-02-15 23:27:20.401,True,True
988792520,2.76020000,2.00000000,5.52040000,2025-02-15 23:27:21.028,True,True
988792521,2.76020000,2.00000000,5.52040000,2025-02-15 23:27:21.028,True,True
988792522,2.76020000,36.00000000,99.36720000,2025-02-15 23:27:21.028,True,True
988792523,2.76020000,9.00000000,24.84180000,2025-02-15 23:27:21.028,True,True
988792524,2.76020000,5.00000000,13.80100000,2025-02-15 23:27:21.028,True,True
988792525,2.76020000,2.00000000,5.52040000,2025-02-15 23:27:21.408,True,True
988792526,2.76020000,251.00000000,692.81020000,2025-02-15 23:27:21.408,True,True
988792527,2.76020000,135.00000000,372.62700000,2025-02-15 23:27:21.937,True,True
988792528,2.76020000,7.00000000,19.32140000,2025-02-15 23:27:21.937,True,True
988792529,2.76020000,2.00000000,5.52040000,2025-02-15 23:27:21.937,True,True
988792530,2.76020000,2.00000000,5.52040000,2025-02-15 23:27:21.937,True,True
988792531,2.76020000,18.00000000,49.68360000,2025-02-15 23:27:21.937,True,True
988792532,2.76020000,3.00000000,8.28060000,2025-02-15 23:27:21.937,True,True
988792533,2.76010000,40.00000000,110.40400000,2025-02-15 23:27:22.115,True,True
988792534,2.76010000,8.00000000,22.08080000,2025-02-15 23:27:22.863,True,True
988792535,2.76010000,4.00000000,11.04040000,2025-02-15 23:27:23.201,True,True
988792536,2.76010000,8.00000000,22.08080000,2025-02-15 23:27:25.688,True,True
988792537,2.76010000,54.00000000,149.04540000,2025-02-15 23:27:27.102,True,True
988792538,2.76010000,2.00000000,5.52020000,2025-02-15 23:27:28.276,True,True
988792539,2.76010000,2.00000000,5.52020000,2025-02-15 23:27:28.276,True,True
988792540,2.76010000,2.00000000,5.52020000,2025-02-15 23:27:28.276,True,True
988792541,2.76010000,19.00000000,52.44190000,2025-02-15 23:27:28.276,True,True
988792542,2.76010000,17.00000000,46.92170000,2025-02-15 23:27:28.314,True,True
988792543,2.76010000,19.00000000,52.44190000,2025-02-15 23:27:28.314,True,True
988792544,2.76010000,5.00000000,13.80050000,2025-02-15 23:27:28.314,True,True
988792545,2.76010000,2.00000000,5.52020000,2025-02-15 23:27:28.314,True,True
988792546,2.76010000,2.00000000,5.52020000,2025-02-15 23:27:28.314,True,True
988792547,2.76010000,2.00000000,5.52020000,2025-02-15 23:27:28.314,True,True
988792548,2.76010000,2.00000000,5.52020000,2025-02-15 23:27:28.314,True,True
988792549,2.76010000,2.00000000,5.52020000,2025-02-15 23:27:28.314,True,True
988792550,2.76010000,2.00000000,5.52020000,2025-02-15 23:27:28.314,True,True
988792551,2.76010000,2.00000000,5.52020000,2025-02-15 23:27:28.314,True,True
988792552,2.76010000,2.00000000,5.52020000,2025-02-15 23:27:28.314,True,True
988792553,2.76010000,2.00000000,5.52020000,2025-02-15 23:27:28.314,True,True
988792554,2.76010000,2.00000000,5.52020000,2025-02-15 23:27:28.314,True,True
988792555,2.76010000,2.00000000,5.52020000,2025-02-15 23:27:28.314,True,True
988792556,2.76000000,21.00000000,57.96000000,2025-02-15 23:27:28.314,True,True
988792557,2.76000000,65.00000000,179.40000000,2025-02-15 23:27:28.314,True,True
988792558,2.76000000,614.00000000,1694.64000000,2025-02-15 23:27:28.314,True,True
988792559,2.76000000,181.00000000,499.56000000,2025-02-15 23:27:28.314,True,True
988792560,2.76000000,32.00000000,88.32000000,2025-02-15 23:27:28.314,True,True
988792561,2.76000000,2.00000000,5.52000000,2025-02-15 23:27:29.611,True,True
988792562,2.76000000,12.00000000,33.12000000,2025-02-15 23:27:30.569,True,True
988792563,2.76000000,15.00000000,41.40000000,2025-02-15 23:27:31.410,True,True
988792564,2.76000000,579.00000000,1598.04000000,2025-02-15 23:27:31.795,True,True
988792565,2.76000000,311.00000000,858.36000000,2025-02-15 23:27:31.795,True,True
988792566,2.76000000,40.00000000,110.40000000,2025-02-15 23:27:31.795,True,True
988792567,2.76000000,2.00000000,5.52000000,2025-02-15 23:27:31.795,True,True
988792568,2.76000000,3.00000000,8.28000000,2025-02-15 23:27:31.795,True,True
988792569,2.76000000,38.00000000,104.88000000,2025-02-15 23:27:31.795,True,True
988792570,2.76000000,9.00000000,24.84000000,2025-02-15 23:27:31.795,True,True
988792571,2.76000000,2.00000000,5.52000000,2025-02-15 23:27:31.795,True,True
988792572,2.76000000,2.00000000,5.52000000,2025-02-15 23:27:31.795,True,True
988792573,2.76000000,35.00000000,96.60000000,2025-02-15 23:27:31.795,True,True
988792574,2.76000000,362.00000000,999.12000000,2025-02-15 23:27:31.795,True,True
988792575,2.76000000,3025.00000000,8349.00000000,2025-02-15 23:27:31.795,True,True
988792576,2.76000000,461.00000000,1272.36000000,2025-02-15 23:27:31.795,True,True
988792577,2.76000000,2.00000000,5.52000000,2025-02-15 23:27:31.795,True,True
988792578,2.76000000,2.00000000,5.52000000,2025-02-15 23:27:31.795,True,True
988792579,2.76000000,2.00000000,5.52000000,2025-02-15 23:27:31.795,True,True
988792580,2.76000000,2.00000000,5.52000000,2025-02-15 23:27:31.795,True,True
988792581,2.76000000,2.00000000,5.52000000,2025-02-15 23:27:31.795,True,True
988792582,2.76000000,2.00000000,5.52000000,2025-02-15 23:27:31.795,True,True
988792583,2.76000000,2.00000000,5.52000000,2025-02-15 23:27:31.795,True,True
988792584,2.76000000,2.00000000,5.52000000,2025-02-15 23:27:31.795,True,True
988792585,2.76000000,2.00000000,5.52000000,2025-02-15 23:27:31.795,True,True
988792586,2.76000000,2.00000000,5.52000000,2025-02-15 23:27:31.795,True,True
988792587,2.75990000,720.00000000,1987.12800000,2025-02-15 23:27:31.795,True,True
988792588,2.75990000,2.00000000,5.51980000,2025-02-15 23:27:31.795,True,True
988792589,2.75990000,2.00000000,5.51980000,2025-02-15 23:27:31.795,True,True
988792590,2.75990000,1566.00000000,4322.00340000,2025-02-15 23:27:31.795,True,True
988792591,2.75990000,2.00000000,5.51980000,2025-02-15 23:27:31.795,True,True
988792592,2.75990000,2.00000000,5.51980000,2025-02-15 23:27:31.795,True,True
988792593,2.75990000,3622.00000000,9996.35780000,2025-02-15 23:27:31.795,True,True
988792594,2.75990000,365.00000000,1007.36350000,2025-02-15 23:27:31.795,True,True
988792595,2.75990000,2.00000000,5.51980000,2025-02-15 23:27:31.795,True,True
988792596,2.75990000,2.00000000,5.51980000,2025-02-15 23:27:31.795,True,True
988792597,2.75990000,2.00000000,5.51980000,2025-02-15 23:27:31.795,True,True
988792598,2.75990000,2.00000000,5.51980000,2025-02-15 23:27:31.795,True,True
988792599,2.75990000,2.00000000,5.51980000,2025-02-15 23:27:31.795,True,True
988792600,2.75990000,2.00000000,5.51980000,2025-02-15 23:27:31.795,True,True
988792601,2.75990000,2.00000000,5.51980000,2025-02-15 23:27:31.795,True,True
988792602,2.75990000,2.00000000,5.51980000,2025-02-15 23:27:31.795,True,True
988792603,2.75990000,2.00000000,5.51980000,2025-02-15 23:27:31.795,True,True
988792604,2.75990000,2.00000000,5.51980000,2025-02-15 23:27:31.795,True,True
988792605,2.75980000,1440.00000000,3974.11200000,2025-02-15 23:27:31.795,True,True
988792606,2.75980000,145.00000000,400.17100000,2025-02-15 23:27:31.795,True,True
988792607,2.75980000,2.00000000,5.51960000,2025-02-15 23:27:31.795,True,True
988792608,2.75980000,2.00000000,5.51960000,2025-02-15 23:27:31.795,True,True
988792609,2.75980000,1024.00000000,2826.03520000,2025-02-15 23:27:31.795,True,True
988792610,2.75990000,2.00000000,5.51980000,2025-02-15 23:27:32.118,False,True
988792611,2.75990000,2.00000000,5.51980000,2025-02-15 23:27:32.118,False,True
988792612,2.75990000,2.00000000,5.51980000,2025-02-15 23:27:32.118,False,True
988792613,2.75990000,2.00000000,5.51980000,2025-02-15 23:27:32.118,False,True
988792614,2.76000000,2.00000000,5.52000000,2025-02-15 23:27:32.118,False,True
988792615,2.76000000,2.00000000,5.52000000,2025-02-15 23:27:32.118,False,True
988792616,2.76000000,2.00000000,5.52000000,2025-02-15 23:27:32.118,False,True
988792617,2.76000000,2.00000000,5.52000000,2025-02-15 23:27:32.118,False,True
988792618,2.76000000,2.00000000,5.52000000,2025-02-15 23:27:32.118,False,True
988792619,2.76000000,200.00000000,552.00000000,2025-02-15 23:27:32.391,True,True
988792620,2.76010000,2.00000000,5.52020000,2025-02-15 23:27:33.202,False,True
988792621,2.76010000,2.00000000,5.52020000,2025-02-15 23:27:33.202,False,True
988792622,2.76010000,36.00000000,99.36360000,2025-02-15 23:27:33.614,False,True
988792623,2.76000000,2.00000000,5.52000000,2025-02-15 23:27:33.789,True,True
988792624,2.76000000,1.00000000,2.76000000,2025-02-15 23:27:33.789,True,True
988792625,2.76010000,188.00000000,518.89880000,2025-02-15 23:27:35.883,False,True
988792626,2.76010000,21.00000000,57.96210000,2025-02-15 23:27:36.170,False,True
988792627,2.76010000,25.00000000,69.00250000,2025-02-15 23:27:36.177,False,True
988792628,2.76010000,3.00000000,8.28030000,2025-02-15 23:27:36.490,False,True
988792629,2.76010000,7.00000000,19.32070000,2025-02-15 23:27:36.899,False,True
988792630,2.76000000,1.00000000,2.76000000,2025-02-15 23:27:37.405,True,True
988792631,2.76000000,6.00000000,16.56000000,2025-02-15 23:27:37.405,True,True
988792632,2.76000000,2.00000000,5.52000000,2025-02-15 23:27:38.704,True,True
988792633,2.76000000,16.00000000,44.16000000,2025-02-15 23:27:38.704,True,True
988792634,2.76000000,13.00000000,35.88000000,2025-02-15 23:27:38.705,True,True
988792635,2.76000000,2.00000000,5.52000000,2025-02-15 23:27:38.705,True,True
988792636,2.75990000,2.00000000,5.51980000,2025-02-15 23:27:38.705,True,True
988792637,2.75990000,2.00000000,5.51980000,2025-02-15 23:27:38.705,True,True
988792638,2.75990000,2.00000000,5.51980000,2025-02-15 23:27:38.705,True,True
988792639,2.75990000,2.00000000,5.51980000,2025-02-15 23:27:38.705,True,True
988792640,2.75990000,2.00000000,5.51980000,2025-02-15 23:27:38.705,True,True
988792641,2.75990000,2.00000000,5.51980000,2025-02-15 23:27:38.705,True,True
988792642,2.75990000,2.00000000,5.51980000,2025-02-15 23:27:38.705,True,True
988792643,2.75990000,2.00000000,5.51980000,2025-02-15 23:27:38.705,True,True
988792644,2.75990000,2.00000000,5.51980000,2025-02-15 23:27:38.705,True,True
988792645,2.75990000,2.00000000,5.51980000,2025-02-15 23:27:38.705,True,True
988792646,2.75980000,2.00000000,5.51960000,2025-02-15 23:27:38.705,True,True
988792647,2.75980000,2.00000000,5.51960000,2025-02-15 23:27:38.705,True,True
988792648,2.75980000,2.00000000,5.51960000,2025-02-15 23:27:38.705,True,True
988792649,2.75980000,145.00000000,400.17100000,2025-02-15 23:27:38.705,True,True
988792650,2.75980000,168.00000000,463.64640000,2025-02-15 23:27:38.705,True,True
988792651,2.75980000,2.00000000,5.51960000,2025-02-15 23:27:38.705,True,True
988792652,2.75980000,2.00000000,5.51960000,2025-02-15 23:27:38.705,True,True
988792653,2.75980000,2.00000000,5.51960000,2025-02-15 23:27:38.705,True,True
988792654,2.75980000,2.00000000,5.51960000,2025-02-15 23:27:38.705,True,True
988792655,2.75980000,2.00000000,5.51960000,2025-02-15 23:27:38.705,True,True
988792656,2.75980000,2.00000000,5.51960000,2025-02-15 23:27:38.705,True,True
988792657,2.75980000,2.00000000,5.51960000,2025-02-15 23:27:38.705,True,True
988792658,2.75980000,2.00000000,5.51960000,2025-02-15 23:27:38.705,True,True
988792659,2.75980000,2.00000000,5.51960000,2025-02-15 23:27:38.705,True,True
988792660,2.75970000,362.00000000,999.01140000,2025-02-15 23:27:38.705,True,True
988792661,2.75970000,2.00000000,5.51940000,2025-02-15 23:27:38.705,True,True
988792662,2.75970000,2.00000000,5.51940000,2025-02-15 23:27:38.705,True,True
988792663,2.75970000,3.00000000,8.27910000,2025-02-15 23:27:38.705,True,True
988792664,2.75970000,859.00000000,2370.58230000,2025-02-15 23:27:38.705,True,True
988792665,2.75970000,800.00000000,2207.76000000,2025-02-15 23:27:38.705,True,True
988792666,2.75970000,400.00000000,1103.88000000,2025-02-15 23:27:38.705,True,True
988792667,2.75970000,2.00000000,5.51940000,2025-02-15 23:27:39.847,True,True
988792668,2.75970000,2.00000000,5.51940000,2025-02-15 23:27:39.847,True,True
988792669,2.75970000,4.00000000,11.03880000,2025-02-15 23:27:39.847,True,True
988792670,2.75970000,8.00000000,22.07760000,2025-02-15 23:27:39.848,True,True
988792671,2.75970000,8.00000000,22.07760000,2025-02-15 23:27:39.848,True,True
988792672,2.75970000,8.00000000,22.07760000,2025-02-15 23:27:39.848,True,True
988792673,2.75970000,8.00000000,22.07760000,2025-02-15 23:27:39.848,True,True
988792674,2.75970000,8.00000000,22.07760000,2025-02-15 23:27:39.848,True,True
988792675,2.75970000,2.00000000,5.51940000,2025-02-15 23:27:39.848,True,True
988792676,2.75970000,2.00000000,5.51940000,2025-02-15 23:27:39.848,True,True
988792677,2.75960000,4.00000000,11.03840000,2025-02-15 23:27:39.848,True,True
988792678,2.75960000,8.00000000,22.07680000,2025-02-15 23:27:39.849,True,True
988792679,2.75960000,8.00000000,22.07680000,2025-02-15 23:27:39.849,True,True
988792680,2.75960000,8.00000000,22.07680000,2025-02-15 23:27:39.849,True,True
988792681,2.75960000,8.00000000,22.07680000,2025-02-15 23:27:39.849,True,True
988792682,2.75960000,8.00000000,22.07680000,2025-02-15 23:27:39.849,True,True
988792683,2.75960000,8.00000000,22.07680000,2025-02-15 23:27:39.849,True,True
988792684,2.75960000,8.00000000,22.07680000,2025-02-15 23:27:39.849,True,True
988792685,2.75960000,8.00000000,22.07680000,2025-02-15 23:27:39.850,True,True
988792686,2.75960000,8.00000000,22.07680000,2025-02-15 23:27:39.850,True,True
988792687,2.75960000,8.00000000,22.07680000,2025-02-15 23:27:39.850,True,True
988792688,2.75960000,8.00000000,22.07680000,2025-02-15 23:27:39.850,True,True
988792689,2.75960000,8.00000000,22.07680000,2025-02-15 23:27:39.850,True,True
988792690,2.75960000,8.00000000,22.07680000,2025-02-15 23:27:39.850,True,True
988792691,2.75960000,8.00000000,22.07680000,2025-02-15 23:27:39.851,True,True
988792692,2.75960000,8.00000000,22.07680000,2025-02-15 23:27:39.852,True,True
988792693,2.75960000,57.00000000,157.29720000,2025-02-15 23:27:40.119,True,True
988792694,2.75960000,2.00000000,5.51920000,2025-02-15 23:27:40.119,True,True
988792695,2.75960000,2.00000000,5.51920000,2025-02-15 23:27:40.119,True,True
988792696,2.75960000,2.00000000,5.51920000,2025-02-15 23:27:40.119,True,True
988792697,2.75960000,2.00000000,5.51920000,2025-02-15 23:27:40.119,True,True
988792698,2.75960000,2.00000000,5.51920000,2025-02-15 23:27:40.119,True,True
988792699,2.75960000,2.00000000,5.51920000,2025-02-15 23:27:40.119,True,True
988792700,2.75960000,2.00000000,5.51920000,2025-02-15 23:27:40.119,True,True
988792701,2.75960000,2.00000000,5.51920000,2025-02-15 23:27:40.119,True,True
988792702,2.75960000,2.00000000,5.51920000,2025-02-15 23:27:40.119,True,True
988792703,2.75960000,2.00000000,5.51920000,2025-02-15 23:27:40.119,True,True
988792704,2.75960000,2.00000000,5.51920000,2025-02-15 23:27:40.119,True,True
988792705,2.75960000,2.00000000,5.51920000,2025-02-15 23:27:40.119,True,True
988792706,2.75960000,2.00000000,5.51920000,2025-02-15 23:27:40.119,True,True
988792707,2.75950000,2.00000000,5.51900000,2025-02-15 23:27:40.119,True,True
988792708,2.75950000,2.00000000,5.51900000,2025-02-15 23:27:40.119,True,True
988792709,2.75950000,2.00000000,5.51900000,2025-02-15 23:27:40.119,True,True
988792710,2.75950000,2.00000000,5.51900000,2025-02-15 23:27:40.119,True,True
988792711,2.75940000,2.00000000,5.51880000,2025-02-15 23:27:40.119,True,True
988792712,2.75930000,2.00000000,5.51860000,2025-02-15 23:27:40.119,True,True
988792713,2.75930000,3.00000000,8.27790000,2025-02-15 23:27:40.119,True,True
988792714,2.75930000,2.00000000,5.51860000,2025-02-15 23:27:40.492,False,True
988792715,2.75930000,2.00000000,5.51860000,2025-02-15 23:27:40.492,False,True
988792716,2.75930000,3.00000000,8.27790000,2025-02-15 23:27:40.492,False,True
988792717,2.75930000,2.00000000,5.51860000,2025-02-15 23:27:40.492,False,True
988792718,2.75940000,2.00000000,5.51880000,2025-02-15 23:27:40.494,False,True
988792719,2.75950000,2.00000000,5.51900000,2025-02-15 23:27:40.618,False,True
988792720,2.75950000,2.00000000,5.51900000,2025-02-15 23:27:40.618,False,True
988792721,2.75950000,2.00000000,5.51900000,2025-02-15 23:27:40.618,False,True
988792722,2.75950000,2.00000000,5.51900000,2025-02-15 23:27:40.618,False,True
988792723,2.75960000,4.00000000,11.03840000,2025-02-15 23:27:40.699,False,True
988792724,2.75960000,4.00000000,11.03840000,2025-02-15 23:27:40.699,False,True
988792725,2.75960000,2.00000000,5.51920000,2025-02-15 23:27:40.699,False,True
988792726,2.75960000,7.00000000,19.31720000,2025-02-15 23:27:40.699,False,True
988792727,2.75960000,10.00000000,27.59600000,2025-02-15 23:27:40.733,False,True
988792728,2.75960000,383.00000000,1056.92680000,2025-02-15 23:27:41.120,False,True
988792729,2.75960000,2.00000000,5.51920000,2025-02-15 23:27:41.120,False,True
988792730,2.75960000,2.00000000,5.51920000,2025-02-15 23:27:41.120,False,True
988792731,2.75960000,1406.00000000,3879.99760000,2025-02-15 23:27:41.120,False,True
988792732,2.75960000,2.00000000,5.51920000,2025-02-15 23:27:42.392,False,True
988792733,2.75960000,83.00000000,229.04680000,2025-02-15 23:27:42.392,False,True
988792734,2.75950000,495.00000000,1365.95250000,2025-02-15 23:27:43.479,True,True
988792735,2.75960000,2.00000000,5.51920000,2025-02-15 23:27:44.016,False,True
988792736,2.75960000,2.00000000,5.51920000,2025-02-15 23:27:44.016,False,True
988792737,2.75960000,143.00000000,394.62280000,2025-02-15 23:27:44.016,False,True
988792738,2.75950000,42.00000000,115.89900000,2025-02-15 23:27:45.170,True,True
988792739,2.75960000,113.00000000,311.83480000,2025-02-15 23:27:46.985,False,True
988792740,2.75960000,34.00000000,93.82640000,2025-02-15 23:27:49.058,False,True
988792741,2.75950000,14.00000000,38.63300000,2025-02-15 23:27:49.354,True,True
988792742,2.75950000,385.00000000,1062.40750000,2025-02-15 23:27:50.445,True,True
988792743,2.75950000,2.00000000,5.51900000,2025-02-15 23:27:50.679,True,True
988792744,2.75950000,143.00000000,394.60850000,2025-02-15 23:27:53.310,True,True
988792745,2.75950000,4.00000000,11.03800000,2025-02-15 23:27:53.310,True,True
988792746,2.75950000,1436.00000000,3962.64200000,2025-02-15 23:27:54.176,True,True
988792747,2.75950000,904.00000000,2494.58800000,2025-02-15 23:27:54.176,True,True
988792748,2.75950000,181.00000000,499.46950000,2025-02-15 23:27:54.355,True,True
988792749,2.75960000,14.00000000,38.63440000,2025-02-15 23:27:54.536,False,True
988792750,2.75950000,1901.00000000,5245.80950000,2025-02-15 23:27:54.839,True,True
988792751,2.75950000,2.00000000,5.51900000,2025-02-15 23:27:54.839,True,True
988792752,2.75950000,2.00000000,5.51900000,2025-02-15 23:27:54.839,True,True
988792753,2.75950000,36.00000000,99.34200000,2025-02-15 23:27:54.839,True,True
988792754,2.75950000,17.00000000,46.91150000,2025-02-15 23:27:54.839,True,True
988792755,2.75950000,36.00000000,99.34200000,2025-02-15 23:27:54.839,True,True
988792756,2.75950000,2.00000000,5.51900000,2025-02-15 23:27:54.839,True,True
988792757,2.75950000,12.00000000,33.11400000,2025-02-15 23:27:54.839,True,True
988792758,2.75950000,3.00000000,8.27850000,2025-02-15 23:27:54.839,True,True
988792759,2.75950000,2.00000000,5.51900000,2025-02-15 23:27:54.839,True,True
988792760,2.75950000,3.00000000,8.27850000,2025-02-15 23:27:54.839,True,True
988792761,2.75950000,1804.00000000,4978.13800000,2025-02-15 23:27:54.839,True,True
988792762,2.75950000,2.00000000,5.51900000,2025-02-15 23:27:54.839,True,True
988792763,2.75950000,2.00000000,5.51900000,2025-02-15 23:27:54.839,True,True
988792764,2.75950000,2.00000000,5.51900000,2025-02-15 23:27:54.839,True,True
988792765,2.75950000,2.00000000,5.51900000,2025-02-15 23:27:54.839,True,True
988792766,2.75950000,2.00000000,5.51900000,2025-02-15 23:27:54.839,True,True
988792767,2.75950000,2.00000000,5.51900000,2025-02-15 23:27:54.839,True,True
988792768,2.75950000,2.00000000,5.51900000,2025-02-15 23:27:54.839,True,True
988792769,2.75950000,2.00000000,5.51900000,2025-02-15 23:27:54.839,True,True
988792770,2.75950000,2.00000000,5.51900000,2025-02-15 23:27:54.839,True,True
988792771,2.75950000,2.00000000,5.51900000,2025-02-15 23:27:54.839,True,True
988792772,2.75940000,1737.00000000,4793.07780000,2025-02-15 23:27:54.839,True,True
988792773,2.75940000,14.00000000,38.63160000,2025-02-15 23:27:56.547,True,True
988792774,2.75950000,2.00000000,5.51900000,2025-02-15 23:27:58.118,False,True
988792775,2.75950000,2.00000000,5.51900000,2025-02-15 23:27:58.118,False,True
988792776,2.75950000,2.00000000,5.51900000,2025-02-15 23:27:58.118,False,True
988792777,2.75950000,8.00000000,22.07600000,2025-02-15 23:27:58.118,False,True
988792778,2.75950000,141.00000000,389.08950000,2025-02-15 23:27:58.118,False,True
988792779,2.75950000,2.00000000,5.51900000,2025-02-15 23:27:58.118,False,True
988792780,2.75960000,2.00000000,5.51920000,2025-02-15 23:27:58.118,False,True
988792781,2.75960000,2.00000000,5.51920000,2025-02-15 23:27:58.118,False,True
988792782,2.75960000,167.00000000,460.85320000,2025-02-15 23:27:58.118,False,True
988792783,2.75960000,3.00000000,8.27880000,2025-02-15 23:27:58.118,False,True
988792784,2.75960000,24.00000000,66.23040000,2025-02-15 23:27:58.118,False,True
988792785,2.75960000,2.00000000,5.51920000,2025-02-15 23:27:58.118,False,True
988792786,2.75960000,362.00000000,998.97520000,2025-02-15 23:27:58.118,False,True
988792787,2.75960000,2.00000000,5.51920000,2025-02-15 23:27:58.118,False,True
988792788,2.75970000,2.00000000,5.51940000,2025-02-15 23:27:58.120,False,True
988792789,2.75970000,2.00000000,5.51940000,2025-02-15 23:27:58.120,False,True
988792790,2.75970000,4.00000000,11.03880000,2025-02-15 23:27:58.120,False,True
988792791,2.75970000,4.00000000,11.03880000,2025-02-15 23:27:58.120,False,True
988792792,2.75970000,377.00000000,1040.40690000,2025-02-15 23:27:58.120,False,True
988792793,2.75970000,90.00000000,248.37300000,2025-02-15 23:27:58.120,False,True
988792794,2.75970000,137.00000000,378.07890000,2025-02-15 23:27:58.120,False,True
988792795,2.75970000,1808.00000000,4989.53760000,2025-02-15 23:27:58.120,False,True
988792796,2.75970000,2.00000000,5.51940000,2025-02-15 23:27:58.120,False,True
988792797,2.75970000,2.00000000,5.51940000,2025-02-15 23:27:58.120,False,True
988792798,2.75970000,2.00000000,5.51940000,2025-02-15 23:27:58.120,False,True
988792799,2.75970000,2.00000000,5.51940000,2025-02-15 23:27:58.120,False,True
988792800,2.75970000,2.00000000,5.51940000,2025-02-15 23:27:58.120,False,True
988792801,2.75970000,2.00000000,5.51940000,2025-02-15 23:27:58.120,False,True
988792802,2.75970000,2.00000000,5.51940000,2025-02-15 23:27:58.120,False,True
988792803,2.75970000,2.00000000,5.51940000,2025-02-15 23:27:58.120,False,True
988792804,2.75970000,2.00000000,5.51940000,2025-02-15 23:27:58.120,False,True
988792805,2.75970000,2.00000000,5.51940000,2025-02-15 23:27:58.120,False,True
988792806,2.75980000,2.00000000,5.51960000,2025-02-15 23:27:58.214,False,True
988792807,2.75980000,4.00000000,11.03920000,2025-02-15 23:27:58.214,False,True
988792808,2.75980000,4.00000000,11.03920000,2025-02-15 23:27:58.214,False,True
988792809,2.75980000,2.00000000,5.51960000,2025-02-15 23:27:58.214,False,True
988792810,2.75980000,2.00000000,5.51960000,2025-02-15 23:27:58.214,False,True
988792811,2.75990000,4.00000000,11.03960000,2025-02-15 23:27:58.218,False,True
988792812,2.75990000,4.00000000,11.03960000,2025-02-15 23:27:58.218,False,True
988792813,2.75990000,2.00000000,5.51980000,2025-02-15 23:27:58.218,False,True
988792814,2.75990000,2.00000000,5.51980000,2025-02-15 23:27:58.218,False,True
988792815,2.75990000,2.00000000,5.51980000,2025-02-15 23:27:58.218,False,True
988792816,2.75990000,855.00000000,2359.71450000,2025-02-15 23:27:58.218,False,True
988792817,2.75990000,949.00000000,2619.14510000,2025-02-15 23:27:58.314,False,True
988792818,2.75990000,2.00000000,5.51980000,2025-02-15 23:27:58.314,False,True
988792819,2.75980000,36.00000000,99.35280000,2025-02-15 23:27:59.351,True,True
988792820,2.75990000,2.00000000,5.51980000,2025-02-15 23:27:59.477,False,True
988792821,2.75990000,1.00000000,2.75990000,2025-02-15 23:27:59.477,False,True
988792822,2.75980000,17.00000000,46.91660000,2025-02-15 23:28:00.334,True,True
988792823,2.75980000,203.00000000,560.23940000,2025-02-15 23:28:00.439,True,True
988792824,2.75980000,22.00000000,60.71560000,2025-02-15 23:28:01.383,True,True
988792825,2.75980000,250.00000000,689.95000000,2025-02-15 23:28:03.142,True,True
988792826,2.75990000,1.00000000,2.75990000,2025-02-15 23:28:06.663,False,True
988792827,2.75990000,2.00000000,5.51980000,2025-02-15 23:28:06.663,False,True
988792828,2.75990000,2.00000000,5.51980000,2025-02-15 23:28:06.663,False,True
988792829,2.75990000,31.00000000,85.55690000,2025-02-15 23:28:06.663,False,True
988792830,2.75980000,267.00000000,736.86660000,2025-02-15 23:28:07.121,True,True
988792831,2.75980000,910.00000000,2511.41800000,2025-02-15 23:28:08.036,True,True
988792832,2.75990000,2.00000000,5.51980000,2025-02-15 23:28:09.019,False,True
988792833,2.75990000,2.00000000,5.51980000,2025-02-15 23:28:09.019,False,True
988792834,2.75990000,2.00000000,5.51980000,2025-02-15 23:28:09.019,False,True
988792835,2.75990000,2.00000000,5.51980000,2025-02-15 23:28:09.019,False,True
988792836,2.76000000,4.00000000,11.04000000,2025-02-15 23:28:09.438,False,True
988792837,2.76000000,4.00000000,11.04000000,2025-02-15 23:28:09.438,False,True
988792838,2.76000000,3.00000000,8.28000000,2025-02-15 23:28:09.438,False,True
988792839,2.76000000,3843.00000000,10606.68000000,2025-02-15 23:28:09.438,False,True
988792840,2.76000000,2.00000000,5.52000000,2025-02-15 23:28:09.438,False,True
988792841,2.76000000,2.00000000,5.52000000,2025-02-15 23:28:09.438,False,True
988792842,2.76000000,2.00000000,5.52000000,2025-02-15 23:28:09.438,False,True
988792843,2.76000000,137.00000000,378.12000000,2025-02-15 23:28:09.438,False,True
988792844,2.76000000,2.00000000,5.52000000,2025-02-15 23:28:09.438,False,True
988792845,2.76010000,25.00000000,69.00250000,2025-02-15 23:28:09.518,False,True
988792846,2.76010000,36.00000000,99.36360000,2025-02-15 23:28:09.518,False,True
988792847,2.76010000,7.00000000,19.32070000,2025-02-15 23:28:09.518,False,True
988792848,2.76010000,2.00000000,5.52020000,2025-02-15 23:28:09.518,False,True
988792849,2.76010000,2.00000000,5.52020000,2025-02-15 23:28:09.518,False,True
988792850,2.76010000,2.00000000,5.52020000,2025-02-15 23:28:09.518,False,True
988792851,2.76010000,2.00000000,5.52020000,2025-02-15 23:28:09.518,False,True
988792852,2.76020000,15.00000000,41.40300000,2025-02-15 23:28:09.518,False,True
988792853,2.76020000,4.00000000,11.04080000,2025-02-15 23:28:09.518,False,True
988792854,2.76020000,4.00000000,11.04080000,2025-02-15 23:28:09.518,False,True
988792855,2.76020000,2.00000000,5.52040000,2025-02-15 23:28:09.518,False,True
988792856,2.76020000,2.00000000,5.52040000,2025-02-15 23:28:09.518,False,True
988792857,2.76020000,2.00000000,5.52040000,2025-02-15 23:28:09.518,False,True
988792858,2.76020000,2.00000000,5.52040000,2025-02-15 23:28:09.518,False,True
988792859,2.76020000,2.00000000,5.52040000,2025-02-15 23:28:09.518,False,True
988792860,2.76020000,2.00000000,5.52040000,2025-02-15 23:28:10.536,True,True
988792861,2.76020000,2.00000000,5.52040000,2025-02-15 23:28:12.864,True,True
988792862,2.76020000,2.00000000,5.52040000,2025-02-15 23:28:12.864,True,True
988792863,2.76020000,2.00000000,5.52040000,2025-02-15 23:28:12.864,True,True
988792864,2.76020000,2.00000000,5.52040000,2025-02-15 23:28:12.864,True,True
988792865,2.76020000,2.00000000,5.52040000,2025-02-15 23:28:12.864,True,True
988792866,2.76020000,25.00000000,69.00500000,2025-02-15 23:28:12.864,True,True
988792867,2.76020000,33.00000000,91.08660000,2025-02-15 23:28:12.864,True,True
988792868,2.76020000,59.00000000,162.85180000,2025-02-15 23:28:12.864,True,True
988792869,2.76020000,2.00000000,5.52040000,2025-02-15 23:28:12.864,True,True
988792870,2.76020000,2.00000000,5.52040000,2025-02-15 23:28:12.865,True,True
988792871,2.76020000,2.00000000,5.52040000,2025-02-15 23:28:12.865,True,True
988792872,2.76020000,2.00000000,5.52040000,2025-02-15 23:28:12.865,True,True
988792873,2.76020000,2.00000000,5.52040000,2025-02-15 23:28:12.865,True,True
988792874,2.76020000,2.00000000,5.52040000,2025-02-15 23:28:12.865,True,True
988792875,2.76020000,2.00000000,5.52040000,2025-02-15 23:28:12.865,True,True
988792876,2.76020000,2.00000000,5.52040000,2025-02-15 23:28:12.865,True,True
988792877,2.76020000,2.00000000,5.52040000,2025-02-15 23:28:12.865,True,True
988792878,2.76020000,2.00000000,5.52040000,2025-02-15 23:28:12.865,True,True
988792879,2.76020000,2.00000000,5.52040000,2025-02-15 23:28:12.865,True,True
988792880,2.76020000,2.00000000,5.52040000,2025-02-15 23:28:12.865,True,True
988792881,2.76010000,2.00000000,5.52020000,2025-02-15 23:28:12.865,True,True
988792882,2.76010000,2.00000000,5.52020000,2025-02-15 23:28:12.865,True,True
988792883,2.76010000,2.00000000,5.52020000,2025-02-15 23:28:12.865,True,True
988792884,2.76010000,4.00000000,11.04040000,2025-02-15 23:28:12.865,True,True
988792885,2.76010000,2.00000000,5.52020000,2025-02-15 23:28:12.865,True,True
988792886,2.76000000,2.00000000,5.52000000,2025-02-15 23:28:12.867,True,True
988792887,2.76000000,2.00000000,5.52000000,2025-02-15 23:28:12.867,True,True
988792888,2.76000000,2.00000000,5.52000000,2025-02-15 23:28:12.867,True,True
988792889,2.76000000,18.00000000,49.68000000,2025-02-15 23:28:13.006,False,True
988792890,2.75990000,2.00000000,5.51980000,2025-02-15 23:28:13.819,True,True
988792891,2.75990000,2.00000000,5.51980000,2025-02-15 23:28:13.819,True,True
988792892,2.75990000,4.00000000,11.03960000,2025-02-15 23:28:13.819,True,True
988792893,2.75990000,4.00000000,11.03960000,2025-02-15 23:28:13.819,True,True
988792894,2.75990000,15.00000000,41.39850000,2025-02-15 23:28:13.819,True,True
988792895,2.75990000,2.00000000,5.51980000,2025-02-15 23:28:13.819,True,True
988792896,2.75990000,261.00000000,720.33390000,2025-02-15 23:28:13.819,True,True
988792897,2.75990000,2.00000000,5.51980000,2025-02-15 23:28:13.819,True,True
988792898,2.75990000,18.00000000,49.67820000,2025-02-15 23:28:13.819,True,True
988792899,2.75990000,5.00000000,13.79950000,2025-02-15 23:28:13.819,True,True
988792900,2.75990000,2.00000000,5.51980000,2025-02-15 23:28:13.821,True,True
988792901,2.75990000,2.00000000,5.51980000,2025-02-15 23:28:13.821,True,True
988792902,2.75990000,2.00000000,5.51980000,2025-02-15 23:28:13.821,True,True
988792903,2.75990000,2.00000000,5.51980000,2025-02-15 23:28:13.821,True,True
988792904,2.75990000,2.00000000,5.51980000,2025-02-15 23:28:13.821,True,True
988792905,2.75990000,2.00000000,5.51980000,2025-02-15 23:28:13.821,True,True
988792906,2.75990000,2.00000000,5.51980000,2025-02-15 23:28:13.821,True,True
988792907,2.75990000,2.00000000,5.51980000,2025-02-15 23:28:13.821,True,True
988792908,2.75990000,2.00000000,5.51980000,2025-02-15 23:28:13.821,True,True
988792909,2.75990000,2.00000000,5.51980000,2025-02-15 23:28:13.821,True,True
988792910,2.75980000,2.00000000,5.51960000,2025-02-15 23:28:13.822,True,True
988792911,2.75980000,12.00000000,33.11760000,2025-02-15 23:28:13.822,True,True
988792912,2.75980000,1097.00000000,3027.50060000,2025-02-15 23:28:13.822,True,True
988792913,2.75980000,924.00000000,2550.05520000,2025-02-15 23:28:13.822,True,True
988792914,2.75980000,6030.00000000,16641.59400000,2025-02-15 23:28:13.822,True,True
988792915,2.75980000,4.00000000,11.03920000,2025-02-15 23:28:13.822,True,True
988792916,2.75980000,4.00000000,11.03920000,2025-02-15 23:28:13.822,True,True
988792917,2.75980000,3.00000000,8.27940000,2025-02-15 23:28:13.822,True,True
988792918,2.75980000,9.00000000,24.83820000,2025-02-15 23:28:13.822,True,True
988792919,2.75980000,2.00000000,5.51960000,2025-02-15 23:28:13.822,True,True
988792920,2.75980000,2.00000000,5.51960000,2025-02-15 23:28:13.822,True,True
988792921,2.75980000,137.00000000,378.09260000,2025-02-15 23:28:13.822,True,True
988792922,2.75980000,2.00000000,5.51960000,2025-02-15 23:28:13.822,True,True
988792923,2.75970000,4.00000000,11.03880000,2025-02-15 23:28:13.825,True,True
988792924,2.75970000,4.00000000,11.03880000,2025-02-15 23:28:13.825,True,True
988792925,2.75970000,2.00000000,5.51940000,2025-02-15 23:28:13.825,True,True
988792926,2.75970000,2.00000000,5.51940000,2025-02-15 23:28:13.825,True,True
988792927,2.75970000,2.00000000,5.51940000,2025-02-15 23:28:13.825,True,True
988792928,2.75960000,2.00000000,5.51920000,2025-02-15 23:28:13.918,True,True
988792929,2.75960000,2.00000000,5.51920000,2025-02-15 23:28:13.918,True,True
988792930,2.75960000,2.00000000,5.51920000,2025-02-15 23:28:13.918,True,True
988792931,2.75960000,2.00000000,5.51920000,2025-02-15 23:28:13.918,True,True
988792932,2.75960000,3.00000000,8.27880000,2025-02-15 23:28:13.918,True,True
988792933,2.75960000,2.00000000,5.51920000,2025-02-15 23:28:13.918,True,True
988792934,2.75960000,2.00000000,5.51920000,2025-02-15 23:28:13.918,True,True
988792935,2.75960000,2.00000000,5.51920000,2025-02-15 23:28:13.918,True,True
988792936,2.75960000,2.00000000,5.51920000,2025-02-15 23:28:13.918,True,True
988792937,2.75960000,2.00000000,5.51920000,2025-02-15 23:28:13.918,True,True
988792938,2.75960000,2.00000000,5.51920000,2025-02-15 23:28:13.918,True,True
988792939,2.75960000,2.00000000,5.51920000,2025-02-15 23:28:13.918,True,True
988792940,2.75960000,2.00000000,5.51920000,2025-02-15 23:28:13.918,True,True
988792941,2.75960000,2.00000000,5.51920000,2025-02-15 23:28:13.918,True,True
988792942,2.75960000,2.00000000,5.51920000,2025-02-15 23:28:13.918,True,True
988792943,2.75950000,2.00000000,5.51900000,2025-02-15 23:28:13.918,True,True
988792944,2.75950000,2.00000000,5.51900000,2025-02-15 23:28:13.918,True,True
988792945,2.75950000,2.00000000,5.51900000,2025-02-15 23:28:13.918,True,True
988792946,2.75950000,2.00000000,5.51900000,2025-02-15 23:28:13.918,True,True
988792947,2.75950000,2.00000000,5.51900000,2025-02-15 23:28:13.918,True,True
988792948,2.75950000,2.00000000,5.51900000,2025-02-15 23:28:13.918,True,True
988792949,2.75950000,2.00000000,5.51900000,2025-02-15 23:28:13.918,True,True
988792950,2.75950000,2.00000000,5.51900000,2025-02-15 23:28:13.918,True,True
988792951,2.75950000,2.00000000,5.51900000,2025-02-15 23:28:13.918,True,True
988792952,2.75950000,2.00000000,5.51900000,2025-02-15 23:28:13.918,True,True
988792953,2.75950000,2.00000000,5.51900000,2025-02-15 23:28:13.918,True,True
988792954,2.75950000,2.00000000,5.51900000,2025-02-15 23:28:13.918,True,True
988792955,2.75950000,2.00000000,5.51900000,2025-02-15 23:28:13.918,True,True
988792956,2.75950000,2.00000000,5.51900000,2025-02-15 23:28:13.918,True,True
988792957,2.75950000,2.00000000,5.51900000,2025-02-15 23:28:13.918,True,True
988792958,2.75950000,2.00000000,5.51900000,2025-02-15 23:28:13.918,True,True
988792959,2.75940000,174.00000000,480.13560000,2025-02-15 23:28:14.228,True,True
988792960,2.75940000,4.00000000,11.03760000,2025-02-15 23:28:15.715,True,True
988792961,2.75950000,2.00000000,5.51900000,2025-02-15 23:28:18.250,False,True
988792962,2.75950000,500.00000000,1379.75000000,2025-02-15 23:28:20.769,False,True
988792963,2.75940000,2.00000000,5.51880000,2025-02-15 23:28:21.425,True,True
988792964,2.75940000,2.00000000,5.51880000,2025-02-15 23:28:21.425,True,True
988792965,2.75950000,224.00000000,618.12800000,2025-02-15 23:28:21.462,False,True
988792966,2.75940000,1.00000000,2.75940000,2025-02-15 23:28:22.491,True,True
988792967,2.75940000,2.00000000,5.51880000,2025-02-15 23:28:22.491,True,True
988792968,2.75940000,2.00000000,5.51880000,2025-02-15 23:28:22.491,True,True
988792969,2.75940000,1.00000000,2.75940000,2025-02-15 23:28:22.491,True,True
988792970,2.75940000,1.00000000,2.75940000,2025-02-15 23:28:23.036,True,True
988792971,2.75940000,54.00000000,149.00760000,2025-02-15 23:28:23.036,True,True
988792972,2.75940000,2.00000000,5.51880000,2025-02-15 23:28:23.036,True,True
988792973,2.75940000,793.00000000,2188.20420000,2025-02-15 23:28:23.036,True,True
988792974,2.75940000,18.00000000,49.66920000,2025-02-15 23:28:23.036,True,True
988792975,2.75940000,98.00000000,270.42120000,2025-02-15 23:28:23.036,True,True
988792976,2.75950000,90.00000000,248.35500000,2025-02-15 23:28:24.906,False,True
988792977,2.75950000,410.00000000,1131.39500000,2025-02-15 23:28:24.906,False,True
988792978,2.75950000,11.00000000,30.35450000,2025-02-15 23:28:25.259,False,True
988792979,2.75940000,4.00000000,11.03760000,2025-02-15 23:28:25.473,True,True
988792980,2.75950000,2.00000000,5.51900000,2025-02-15 23:28:25.818,False,True
988792981,2.75950000,2.00000000,5.51900000,2025-02-15 23:28:25.818,False,True
988792982,2.75950000,154.00000000,424.96300000,2025-02-15 23:28:25.818,False,True
988792983,2.75950000,28.00000000,77.26600000,2025-02-15 23:28:25.818,False,True
988792984,2.75950000,2.00000000,5.51900000,2025-02-15 23:28:25.818,False,True
988792985,2.75950000,4.00000000,11.03800000,2025-02-15 23:28:25.818,False,True
988792986,2.75950000,2.00000000,5.51900000,2025-02-15 23:28:25.818,False,True
988792987,2.75960000,4.00000000,11.03840000,2025-02-15 23:28:27.090,False,True
988792988,2.75950000,2.00000000,5.51900000,2025-02-15 23:28:27.318,True,True
988792989,2.75950000,2.00000000,5.51900000,2025-02-15 23:28:27.318,True,True
988792990,2.75950000,2.00000000,5.51900000,2025-02-15 23:28:27.318,True,True
988792991,2.75950000,36.00000000,99.34200000,2025-02-15 23:28:27.318,True,True
988792992,2.75950000,4.00000000,11.03800000,2025-02-15 23:28:27.318,True,True
988792993,2.75950000,2.00000000,5.51900000,2025-02-15 23:28:27.318,True,True
988792994,2.75940000,2.00000000,5.51880000,2025-02-15 23:28:29.715,True,True
988792995,2.75940000,2.00000000,5.51880000,2025-02-15 23:28:29.715,True,True
988792996,2.75940000,25.00000000,68.98500000,2025-02-15 23:28:29.715,True,True
988792997,2.75940000,2.00000000,5.51880000,2025-02-15 23:28:29.715,True,True
988792998,2.75940000,14.00000000,38.63160000,2025-02-15 23:28:29.715,True,True
988792999,2.75940000,109.00000000,300.77460000,2025-02-15 23:28:30.062,True,True
988793000,2.75940000,5.00000000,13.79700000,2025-02-15 23:28:30.152,True,True
988793001,2.75940000,45.00000000,124.17300000,2025-02-15 23:28:30.157,True,True
988793002,2.75940000,217.00000000,598.78980000,2025-02-15 23:28:30.172,True,True
988793003,2.75950000,2.00000000,5.51900000,2025-02-15 23:28:30.218,False,True
988793004,2.75950000,2.00000000,5.51900000,2025-02-15 23:28:30.218,False,True
988793005,2.75950000,2.00000000,5.51900000,2025-02-15 23:28:30.218,False,True
988793006,2.75950000,3.00000000,8.27850000,2025-02-15 23:28:30.218,False,True
988793007,2.75950000,16.00000000,44.15200000,2025-02-15 23:28:30.218,False,True
988793008,2.75950000,2.00000000,5.51900000,2025-02-15 23:28:30.218,False,True
988793009,2.75950000,363.00000000,1001.69850000,2025-02-15 23:28:30.821,True,True
988793010,2.75950000,181.00000000,499.46950000,2025-02-15 23:28:30.821,True,True
988793011,2.75950000,251.00000000,692.63450000,2025-02-15 23:28:31.673,True,True
988793012,2.75950000,1115.00000000,3076.84250000,2025-02-15 23:28:33.036,True,True
988793013,2.75950000,26.00000000,71.74700000,2025-02-15 23:28:33.978,True,True
988793014,2.75950000,155.00000000,427.72250000,2025-02-15 23:28:33.978,True,True
988793015,2.75950000,363.00000000,1001.69850000,2025-02-15 23:28:33.979,True,True
988793016,2.75960000,2.00000000,5.51920000,2025-02-15 23:28:36.470,False,True
988793017,2.75960000,2.00000000,5.51920000,2025-02-15 23:28:36.470,False,True
988793018,2.75960000,2.00000000,5.51920000,2025-02-15 23:28:36.470,False,True
988793019,2.75950000,2.00000000,5.51900000,2025-02-15 23:28:36.570,True,True
988793020,2.75950000,2.00000000,5.51900000,2025-02-15 23:28:36.570,True,True
988793021,2.75950000,2.00000000,5.51900000,2025-02-15 23:28:36.570,True,True
988793022,2.75950000,2.00000000,5.51900000,2025-02-15 23:28:36.570,True,True
988793023,2.75950000,6.00000000,16.55700000,2025-02-15 23:28:36.570,True,True
988792024,2.76150000,350.00000000,966.52500000,2025-02-15 23:26:31.591,True,True
988792025,2.76150000,2.00000000,5.52300000,2025-02-15 23:26:31.591,True,True
988792026,2.76150000,4.00000000,11.04600000,2025-02-15 23:26:31.591,True,True
988792027,2.76150000,4.00000000,11.04600000,2025-02-15 23:26:31.591,True,True
988792028,2.76150000,7.00000000,19.33050000,2025-02-15 23:26:31.591,True,True
988792029,2.76150000,2.00000000,5.52300000,2025-02-15 23:26:31.591,True,True
988792030,2.76150000,2.00000000,5.52300000,2025-02-15 23:26:31.591,True,True
988792031,2.76150000,2.00000000,5.52300000,2025-02-15 23:26:31.591,True,True
988792032,2.76150000,2.00000000,5.52300000,2025-02-15 23:26:31.591,True,True
988792033,2.76150000,2.00000000,5.52300000,2025-02-15 23:26:31.591,True,True
988792034,2.76150000,2.00000000,5.52300000,2025-02-15 23:26:31.591,True,True
988792035,2.76150000,2.00000000,5.52300000,2025-02-15 23:26:31.591,True,True
988792036,2.76150000,2.00000000,5.52300000,2025-02-15 23:26:31.591,True,True
988792037,2.76150000,2.00000000,5.52300000,2025-02-15 23:26:31.591,True,True
988792038,2.76150000,2.00000000,5.52300000,2025-02-15 23:26:31.591,True,True
988792039,2.76150000,2.00000000,5.52300000,2025-02-15 23:26:31.591,True,True
988792040,2.76140000,2.00000000,5.52280000,2025-02-15 23:26:31.591,True,True
988792041,2.76140000,9.00000000,24.85260000,2025-02-15 23:26:31.591,True,True
988792042,2.76140000,3.00000000,8.28420000,2025-02-15 23:26:31.665,True,True
988792043,2.76140000,2.00000000,5.52280000,2025-02-15 23:26:31.665,True,True
988792044,2.76140000,2.00000000,5.52280000,2025-02-15 23:26:31.665,True,True
988792045,2.76140000,2.00000000,5.52280000,2025-02-15 23:26:31.665,True,True
988792046,2.76140000,535.00000000,1477.34900000,2025-02-15 23:26:31.665,True,True
988792047,2.76140000,2.00000000,5.52280000,2025-02-15 23:26:31.934,True,True
988792048,2.76140000,2.00000000,5.52280000,2025-02-15 23:26:31.934,True,True
988792049,2.76140000,2.00000000,5.52280000,2025-02-15 23:26:31.934,True,True
988792050,2.76140000,2.00000000,5.52280000,2025-02-15 23:26:31.934,True,True
988792051,2.76140000,2.00000000,5.52280000,2025-02-15 23:26:31.934,True,True
988792052,2.76140000,2.00000000,5.52280000,2025-02-15 23:26:31.934,True,True
988792053,2.76140000,2.00000000,5.52280000,2025-02-15 23:26:31.934,True,True
988792054,2.76140000,2.00000000,5.52280000,2025-02-15 23:26:31.934,True,True
988792055,2.76140000,2.00000000,5.52280000,2025-02-15 23:26:31.934,True,True
988792056,2.76140000,2.00000000,5.52280000,2025-02-15 23:26:31.934,True,True
988792057,2.76140000,2.00000000,5.52280000,2025-02-15 23:26:31.934,True,True
988792058,2.76130000,4.00000000,11.04520000,2025-02-15 23:26:35.697,True,True
988792059,2.76130000,4.00000000,11.04520000,2025-02-15 23:26:35.697,True,True
988792060,2.76130000,2.00000000,5.52260000,2025-02-15 23:26:35.697,True,True
988792061,2.76130000,2.00000000,5.52260000,2025-02-15 23:26:35.697,True,True
988792062,2.76130000,2.00000000,5.52260000,2025-02-15 23:26:35.697,True,True
988792063,2.76130000,2.00000000,5.52260000,2025-02-15 23:26:35.697,True,True
988792064,2.76130000,1252.00000000,3457.14760000,2025-02-15 23:26:35.697,True,True
988792065,2.76130000,14.00000000,38.65820000,2025-02-15 23:26:35.697,True,True
988792066,2.76130000,145.00000000,400.38850000,2025-02-15 23:26:35.697,True,True
988792067,2.76130000,1013.00000000,2797.19690000,2025-02-15 23:26:35.697,True,True
988792068,2.76140000,2.00000000,5.52280000,2025-02-15 23:26:36.241,False,True
988792069,2.76140000,3.00000000,8.28420000,2025-02-15 23:26:36.241,False,True
988792070,2.76130000,51.00000000,140.82630000,2025-02-15 23:26:38.368,True,True
988792071,2.76140000,18.00000000,49.70520000,2025-02-15 23:26:38.371,False,True
988792072,2.76130000,13.00000000,35.89690000,2025-02-15 23:26:38.471,True,True
988792073,2.76130000,7.00000000,19.32910000,2025-02-15 23:26:38.488,True,True
988792074,2.76130000,2.00000000,5.52260000,2025-02-15 23:26:38.488,True,True
988792075,2.76130000,2.00000000,5.52260000,2025-02-15 23:26:38.488,True,True
988792076,2.76130000,2.00000000,5.52260000,2025-02-15 23:26:38.488,True,True
988792077,2.76130000,2.00000000,5.52260000,2025-02-15 23:26:38.488,True,True
988792078,2.76130000,23.00000000,63.50990000,2025-02-15 23:26:38.488,True,True
988792079,2.76130000,36.00000000,99.40680000,2025-02-15 23:26:38.488,True,True
988792080,2.76130000,2.00000000,5.52260000,2025-02-15 23:26:38.488,True,True
988792081,2.76130000,2.00000000,5.52260000,2025-02-15 23:26:38.488,True,True
988792082,2.76130000,2.00000000,5.52260000,2025-02-15 23:26:38.488,True,True
988792083,2.76130000,2.00000000,5.52260000,2025-02-15 23:26:38.488,True,True
988792084,2.76130000,2.00000000,5.52260000,2025-02-15 23:26:38.488,True,True
988792085,2.76130000,2.00000000,5.52260000,2025-02-15 23:26:38.488,True,True
988792086,2.76130000,2.00000000,5.52260000,2025-02-15 23:26:38.488,True,True
988792087,2.76130000,2.00000000,5.52260000,2025-02-15 23:26:38.488,True,True
988792088,2.76120000,4.00000000,11.04480000,2025-02-15 23:26:38.488,True,True
988792089,2.76120000,4.00000000,11.04480000,2025-02-15 23:26:38.488,True,True
988792090,2.76120000,2.00000000,5.52240000,2025-02-15 23:26:38.488,True,True
988792091,2.76120000,2.00000000,5.52240000,2025-02-15 23:26:38.488,True,True
988792092,2.76120000,2.00000000,5.52240000,2025-02-15 23:26:38.488,True,True
988792093,2.76120000,2.00000000,5.52240000,2025-02-15 23:26:38.488,True,True
988792094,2.76120000,2.00000000,5.52240000,2025-02-15 23:26:38.488,True,True
988792095,2.76110000,2.00000000,5.52220000,2025-02-15 23:26:38.488,True,True
988792096,2.76110000,4.00000000,11.04440000,2025-02-15 23:26:38.488,True,True
988792097,2.76110000,4.00000000,11.04440000,2025-02-15 23:26:38.488,True,True
988792098,2.76110000,94.00000000,259.54340000,2025-02-15 23:26:38.488,True,True
988792099,2.76120000,124.00000000,342.38880000,2025-02-15 23:26:39.600,False,True
988792100,2.76120000,63.00000000,173.95560000,2025-02-15 23:26:39.600,False,True
988792101,2.76110000,2.00000000,5.52220000,2025-02-15 23:26:45.385,True,True
988792102,2.76110000,2.00000000,5.52220000,2025-02-15 23:26:45.385,True,True
988792103,2.76110000,2.00000000,5.52220000,2025-02-15 23:26:45.385,True,True
988792104,2.76110000,4.00000000,11.04440000,2025-02-15 23:26:45.385,True,True
988792105,2.76110000,2.00000000,5.52220000,2025-02-15 23:26:45.385,True,True
988792106,2.76110000,3.00000000,8.28330000,2025-02-15 23:26:45.385,True,True
988792107,2.76110000,16.00000000,44.17760000,2025-02-15 23:26:45.385,True,True
988792108,2.76120000,481.00000000,1328.13720000,2025-02-15 23:26:45.539,False,True
988792109,2.76120000,1914.00000000,5284.93680000,2025-02-15 23:26:45.539,False,True
988792110,2.76120000,2.00000000,5.52240000,2025-02-15 23:26:45.539,False,True
988792111,2.76120000,2.00000000,5.52240000,2025-02-15 23:26:45.539,False,True
988792112,2.76120000,44.00000000,121.49280000,2025-02-15 23:26:45.539,False,True
988792113,2.76120000,362.00000000,999.55440000,2025-02-15 23:26:45.539,False,True
988792114,2.76120000,90.00000000,248.50800000,2025-02-15 23:26:45.539,False,True
988792115,2.76120000,503.00000000,1388.88360000,2025-02-15 23:26:45.539,False,True
988792116,2.76110000,13.00000000,35.89430000,2025-02-15 23:26:45.906,True,True
988792117,2.76110000,2.00000000,5.52220000,2025-02-15 23:26:45.906,True,True
988792118,2.76110000,2.00000000,5.52220000,2025-02-15 23:26:45.906,True,True
988792119,2.76110000,2.00000000,5.52220000,2025-02-15 23:26:45.906,True,True
988792120,2.76110000,2.00000000,5.52220000,2025-02-15 23:26:45.906,True,True
988792121,2.76110000,115.00000000,317.52650000,2025-02-15 23:26:45.906,True,True
988792122,2.76120000,28.00000000,77.31360000,2025-02-15 23:26:45.970,False,True
988792123,2.76120000,114.00000000,314.77680000,2025-02-15 23:26:46.222,False,True
988792124,2.76120000,337.00000000,930.52440000,2025-02-15 23:26:46.222,False,True
988792125,2.76120000,38.00000000,104.92560000,2025-02-15 23:26:47.118,False,True
988792126,2.76120000,143.00000000,394.85160000,2025-02-15 23:26:47.118,False,True
988792127,2.76120000,18.00000000,49.70160000,2025-02-15 23:26:47.118,False,True
988792128,2.76120000,2.00000000,5.52240000,2025-02-15 23:26:47.118,False,True
988792129,2.76120000,2.00000000,5.52240000,2025-02-15 23:26:47.118,False,True
988792130,2.76120000,90.00000000,248.50800000,2025-02-15 23:26:47.118,False,True
988792131,2.76120000,2.00000000,5.52240000,2025-02-15 23:26:47.118,False,True
988792132,2.76120000,12.00000000,33.13440000,2025-02-15 23:26:47.118,False,True
988792133,2.76130000,2.00000000,5.52260000,2025-02-15 23:26:47.121,False,True
988792134,2.76130000,2.00000000,5.52260000,2025-02-15 23:26:47.121,False,True
988792135,2.76130000,210.00000000,579.87300000,2025-02-15 23:26:47.121,False,True
988792136,2.76130000,2.00000000,5.52260000,2025-02-15 23:26:47.121,False,True
988792137,2.76130000,2.00000000,5.52260000,2025-02-15 23:26:47.121,False,True
988792138,2.76140000,2.00000000,5.52280000,2025-02-15 23:26:47.123,False,True
988792139,2.76140000,181.00000000,499.81340000,2025-02-15 23:26:47.123,False,True
988792140,2.76140000,237.00000000,654.45180000,2025-02-15 23:26:47.123,False,True
988792141,2.76140000,8.00000000,22.09120000,2025-02-15 23:26:47.124,False,True
988792142,2.76140000,2.00000000,5.52280000,2025-02-15 23:26:47.124,False,True
988792143,2.76140000,2.00000000,5.52280000,2025-02-15 23:26:47.124,False,True
988792144,2.76140000,2.00000000,5.52280000,2025-02-15 23:26:47.124,False,True
988792145,2.76150000,7.00000000,19.33050000,2025-02-15 23:26:47.129,False,True
988792146,2.76150000,2.00000000,5.52300000,2025-02-15 23:26:47.129,False,True
988792147,2.76150000,2.00000000,5.52300000,2025-02-15 23:26:47.129,False,True
988792148,2.76150000,2.00000000,5.52300000,2025-02-15 23:26:47.129,False,True
988792149,2.76160000,2.00000000,5.52320000,2025-02-15 23:26:47.201,False,True
988792150,2.76160000,3.00000000,8.28480000,2025-02-15 23:26:47.201,False,True
988792151,2.76160000,2.00000000,5.52320000,2025-02-15 23:26:47.201,False,True
988792152,2.76160000,2.00000000,5.52320000,2025-02-15 23:26:47.201,False,True
988792153,2.76160000,2.00000000,5.52320000,2025-02-15 23:26:47.201,False,True
988792154,2.76170000,4.00000000,11.04680000,2025-02-15 23:26:47.204,False,True
988792155,2.76170000,4.00000000,11.04680000,2025-02-15 23:26:47.204,False,True
988792156,2.76170000,2.00000000,5.52340000,2025-02-15 23:26:47.204,False,True
988792157,2.76170000,2.00000000,5.52340000,2025-02-15 23:26:47.204,False,True
988792158,2.76170000,2.00000000,5.52340000,2025-02-15 23:26:47.204,False,True
988792159,2.76180000,3.00000000,8.28540000,2025-02-15 23:26:47.518,False,True
988792160,2.76180000,2.00000000,5.52360000,2025-02-15 23:26:47.518,False,True
988792161,2.76180000,2.00000000,5.52360000,2025-02-15 23:26:47.518,False,True
988792162,2.76180000,2.00000000,5.52360000,2025-02-15 23:26:47.518,False,True
988792163,2.76180000,2.00000000,5.52360000,2025-02-15 23:26:47.518,False,True
988792164,2.76190000,2.00000000,5.52380000,2025-02-15 23:26:47.518,False,True
988792165,2.76190000,2.00000000,5.52380000,2025-02-15 23:26:47.518,False,True
988792166,2.76190000,2.00000000,5.52380000,2025-02-15 23:26:47.518,False,True
988792167,2.76190000,2.00000000,5.52380000,2025-02-15 23:26:47.518,False,True
988792168,2.76190000,2.00000000,5.52380000,2025-02-15 23:26:48.813,True,True
988792169,2.76190000,2.00000000,5.52380000,2025-02-15 23:26:48.813,True,True
988792170,2.76190000,27.00000000,74.57130000,2025-02-15 23:26:48.813,True,True
988792171,2.76190000,2.00000000,5.52380000,2025-02-15 23:26:48.813,True,True
988792172,2.76190000,3.00000000,8.28570000,2025-02-15 23:26:48.813,True,True
988792173,2.76190000,2.00000000,5.52380000,2025-02-15 23:26:48.813,True,True
988792174,2.76190000,2.00000000,5.52380000,2025-02-15 23:26:48.813,True,True
988792175,2.76190000,2.00000000,5.52380000,2025-02-15 23:26:48.813,True,True
988792176,2.76190000,2.00000000,5.52380000,2025-02-15 23:26:48.813,True,True
988792177,2.76190000,1.00000000,2.76190000,2025-02-15 23:26:48.813,True,True
988792178,2.76190000,1.00000000,2.76190000,2025-02-15 23:26:48.818,True,True
988792179,2.76190000,2.00000000,5.52380000,2025-02-15 23:26:48.818,True,True
988792180,2.76190000,2.00000000,5.52380000,2025-02-15 23:26:48.818,True,True
988792181,2.76190000,2.00000000,5.52380000,2025-02-15 23:26:48.818,True,True
988792182,2.76190000,2.00000000,5.52380000,2025-02-15 23:26:48.818,True,True
988792183,2.76190000,2.00000000,5.52380000,2025-02-15 23:26:48.818,True,True
988792184,2.76190000,2.00000000,5.52380000,2025-02-15 23:26:48.818,True,True
988792185,2.76190000,2.00000000,5.52380000,2025-02-15 23:26:48.818,True,True
988792186,2.76190000,2.00000000,5.52380000,2025-02-15 23:26:48.818,True,True
988792187,2.76190000,181.00000000,499.90390000,2025-02-15 23:26:48.898,False,True
988792188,2.76180000,2.00000000,5.52360000,2025-02-15 23:26:49.806,True,True
988792189,2.76180000,2.00000000,5.52360000,2025-02-15 23:26:49.806,True,True
988792190,2.76180000,2.00000000,5.52360000,2025-02-15 23:26:49.806,True,True
988792191,2.76180000,20.00000000,55.23600000,2025-02-15 23:26:49.806,True,True
988792192,2.76180000,2.00000000,5.52360000,2025-02-15 23:26:49.806,True,True
988792193,2.76180000,2.00000000,5.52360000,2025-02-15 23:26:49.806,True,True
988792194,2.76180000,2.00000000,5.52360000,2025-02-15 23:26:49.806,True,True
988792195,2.76180000,2.00000000,5.52360000,2025-02-15 23:26:49.806,True,True
988792196,2.76180000,2.00000000,5.52360000,2025-02-15 23:26:49.806,True,True
988792197,2.76180000,2.00000000,5.52360000,2025-02-15 23:26:49.806,True,True
988792198,2.76180000,2.00000000,5.52360000,2025-02-15 23:26:49.806,True,True
988792199,2.76180000,2.00000000,5.52360000,2025-02-15 23:26:49.806,True,True
988792200,2.76180000,2.00000000,5.52360000,2025-02-15 23:26:49.806,True,True
988792201,2.76180000,2.00000000,5.52360000,2025-02-15 23:26:49.806,True,True
988792202,2.76170000,2.00000000,5.52340000,2025-02-15 23:26:49.806,True,True
988792203,2.76170000,2.00000000,5.52340000,2025-02-15 23:26:49.806,True,True
988792204,2.76170000,39.00000000,107.70630000,2025-02-15 23:26:49.806,True,True
988792205,2.76170000,2.00000000,5.52340000,2025-02-15 23:26:49.818,True,True
988792206,2.76170000,2.00000000,5.52340000,2025-02-15 23:26:49.818,True,True
988792207,2.76170000,21.00000000,57.99570000,2025-02-15 23:26:49.818,True,True
988792208,2.76170000,2.00000000,5.52340000,2025-02-15 23:26:49.818,True,True
988792209,2.76170000,2.00000000,5.52340000,2025-02-15 23:26:49.818,True,True
988792210,2.76170000,2.00000000,5.52340000,2025-02-15 23:26:49.818,True,True
988792211,2.76170000,2.00000000,5.52340000,2025-02-15 23:26:49.818,True,True
988792212,2.76170000,2.00000000,5.52340000,2025-02-15 23:26:49.818,True,True
988792213,2.76170000,2.00000000,5.52340000,2025-02-15 23:26:49.818,True,True
988792214,2.76170000,2.00000000,5.52340000,2025-02-15 23:26:49.818,True,True
988792215,2.76170000,2.00000000,5.52340000,2025-02-15 23:26:49.818,True,True
988792216,2.76170000,2.00000000,5.52340000,2025-02-15 23:26:49.818,True,True
988792217,2.76170000,2.00000000,5.52340000,2025-02-15 23:26:49.818,True,True
988792218,2.76160000,2.00000000,5.52320000,2025-02-15 23:26:50.176,True,True
988792219,2.76170000,2.00000000,5.52340000,2025-02-15 23:26:50.464,False,True
988792220,2.76160000,2.00000000,5.52320000,2025-02-15 23:26:51.584,True,True
988792221,2.76160000,4.00000000,11.04640000,2025-02-15 23:26:51.584,True,True
988792222,2.76160000,4.00000000,11.04640000,2025-02-15 23:26:51.584,True,True
988792223,2.76160000,2.00000000,5.52320000,2025-02-15 23:26:51.584,True,True
988792224,2.76160000,18.00000000,49.70880000,2025-02-15 23:26:51.584,True,True
988792225,2.76160000,2.00000000,5.52320000,2025-02-15 23:26:51.591,True,True
988792226,2.76160000,2.00000000,5.52320000,2025-02-15 23:26:51.591,True,True
988792227,2.76160000,2.00000000,5.52320000,2025-02-15 23:26:51.591,True,True
988792228,2.76160000,2.00000000,5.52320000,2025-02-15 23:26:51.591,True,True
988792229,2.76160000,2.00000000,5.52320000,2025-02-15 23:26:51.591,True,True
988792230,2.76160000,2.00000000,5.52320000,2025-02-15 23:26:51.591,True,True
988792231,2.76160000,2.00000000,5.52320000,2025-02-15 23:26:51.591,True,True
988792232,2.76160000,2.00000000,5.52320000,2025-02-15 23:26:51.591,True,True
988792233,2.76160000,2.00000000,5.52320000,2025-02-15 23:26:51.591,True,True
988792234,2.76160000,2.00000000,5.52320000,2025-02-15 23:26:51.591,True,True
988792235,2.76160000,2.00000000,5.52320000,2025-02-15 23:26:51.591,True,True
988792236,2.76160000,2.00000000,5.52320000,2025-02-15 23:26:51.591,True,True
988792237,2.76150000,2.00000000,5.52300000,2025-02-15 23:26:51.591,True,True
988792238,2.76150000,4.00000000,11.04600000,2025-02-15 23:26:51.591,True,True
988792239,2.76150000,3.00000000,8.28450000,2025-02-15 23:26:51.592,True,True
988792240,2.76150000,4.00000000,11.04600000,2025-02-15 23:26:51.592,True,True
988792241,2.76150000,4.00000000,11.04600000,2025-02-15 23:26:51.592,True,True
988792242,2.76150000,2.00000000,5.52300000,2025-02-15 23:26:51.592,True,True
988792243,2.76150000,2.00000000,5.52300000,2025-02-15 23:26:51.592,True,True
988792244,2.76140000,2.00000000,5.52280000,2025-02-15 23:26:51.592,True,True
988792245,2.76140000,644.00000000,1778.34160000,2025-02-15 23:26:51.592,True,True
988792246,2.76140000,2.00000000,5.52280000,2025-02-15 23:26:51.618,True,True
988792247,2.76140000,4.00000000,11.04560000,2025-02-15 23:26:51.618,True,True
988792248,2.76140000,4.00000000,11.04560000,2025-02-15 23:26:51.618,True,True
988792249,2.76140000,2.00000000,5.52280000,2025-02-15 23:26:51.618,True,True
988792250,2.76140000,2.00000000,5.52280000,2025-02-15 23:26:51.618,True,True
988792251,2.76140000,2.00000000,5.52280000,2025-02-15 23:26:51.618,True,True
988792252,2.76140000,2.00000000,5.52280000,2025-02-15 23:26:51.618,True,True
988792253,2.76140000,2.00000000,5.52280000,2025-02-15 23:26:51.618,True,True
988792254,2.76140000,2.00000000,5.52280000,2025-02-15 23:26:51.618,True,True
988792255,2.76140000,2.00000000,5.52280000,2025-02-15 23:26:51.618,True,True
988792256,2.76140000,2.00000000,5.52280000,2025-02-15 23:26:51.618,True,True
988792257,2.76140000,2.00000000,5.52280000,2025-02-15 23:26:51.618,True,True
988792258,2.76140000,2.00000000,5.52280000,2025-02-15 23:26:51.618,True,True
988792259,2.76140000,2.00000000,5.52280000,2025-02-15 23:26:51.618,True,True
988792260,2.76130000,2.00000000,5.52260000,2025-02-15 23:26:51.719,True,True
988792261,2.76130000,4.00000000,11.04520000,2025-02-15 23:26:51.719,True,True
988792262,2.76130000,4.00000000,11.04520000,2025-02-15 23:26:51.719,True,True
988792263,2.76130000,2.00000000,5.52260000,2025-02-15 23:26:51.719,True,True
988792264,2.76130000,2.00000000,5.52260000,2025-02-15 23:26:51.719,True,True
988792265,2.76130000,2.00000000,5.52260000,2025-02-15 23:26:51.719,True,True
988792266,2.76130000,2.00000000,5.52260000,2025-02-15 23:26:51.719,True,True
988792267,2.76130000,2.00000000,5.52260000,2025-02-15 23:26:51.719,True,True
988792268,2.76130000,2.00000000,5.52260000,2025-02-15 23:26:51.719,True,True
988792269,2.76130000,2.00000000,5.52260000,2025-02-15 23:26:51.719,True,True
988792270,2.76130000,2.00000000,5.52260000,2025-02-15 23:26:51.719,True,True
988792271,2.76130000,2.00000000,5.52260000,2025-02-15 23:26:51.719,True,True
988792272,2.76130000,2.00000000,5.52260000,2025-02-15 23:26:51.719,True,True
988792273,2.76130000,2.00000000,5.52260000,2025-02-15 23:26:51.719,True,True
988792274,2.76130000,2.00000000,5.52260000,2025-02-15 23:26:51.719,True,True
988792275,2.76130000,50.00000000,138.06500000,2025-02-15 23:26:51.830,False,True
988792276,2.76130000,43.00000000,118.73590000,2025-02-15 23:26:51.915,False,True
988792277,2.76130000,100.00000000,276.13000000,2025-02-15 23:26:53.000,False,True
988792278,2.76120000,4.00000000,11.04480000,2025-02-15 23:26:53.238,True,True
988792279,2.76120000,4.00000000,11.04480000,2025-02-15 23:26:53.238,True,True
988792280,2.76120000,2.00000000,5.52240000,2025-02-15 23:26:53.238,True,True
988792281,2.76120000,3.00000000,8.28360000,2025-02-15 23:26:53.238,True,True
988792282,2.76120000,2.00000000,5.52240000,2025-02-15 23:26:53.238,True,True
988792283,2.76120000,15.00000000,41.41800000,2025-02-15 23:26:53.238,True,True
988792284,2.76120000,169.00000000,466.64280000,2025-02-15 23:26:53.238,True,True
988792285,2.76120000,22.00000000,60.74640000,2025-02-15 23:26:55.023,True,True
988792286,2.76130000,5.00000000,13.80650000,2025-02-15 23:26:55.509,False,True
